timestamp,bid,ask
2025-04-22 11:51:23.957564,21236.6,21239.3
2025-04-22 11:51:25.824573,21238.3,21239.7
2025-04-22 11:51:27.428788,21239.3,21240.7
2025-04-22 11:51:29.453467,21238.6,21240.3
2025-04-22 11:51:31.173799,21239.3,21240.7
2025-04-22 11:51:32.050507,21238.6,21240.3
2025-04-22 11:51:32.971154,21239.3,21240.7
2025-04-22 11:51:33.772340,21238.6,21240.3
2025-04-22 11:51:34.872733,21238.3,21239.7
2025-04-22 11:51:36.486517,21239.6,21241.3
2025-04-22 11:51:37.103409,21240.3,21241.7
2025-04-22 11:51:39.873176,21239.6,21241.3
2025-04-22 11:51:40.944440,21237.6,21239.3
2025-04-22 11:51:43.755518,21236.6,21238.3
2025-04-22 11:51:45.525193,21236.3,21237.7
2025-04-22 11:51:45.789925,21235.6,21238.3
2025-04-22 11:51:47.036458,21235.6,21237.3
2025-04-22 11:51:49.053897,21235.3,21236.7
2025-04-22 11:51:49.507658,21235.6,21237.3
2025-04-22 11:51:50.148483,21237.6,21239.3
2025-04-22 11:51:55.544987,21239.3,21240.7
2025-04-22 11:51:57.215253,21240.3,21241.7
2025-04-22 11:51:58.159421,21241.3,21242.7
2025-04-22 11:52:01.950804,21240.6,21242.3
2025-04-22 11:52:02.815818,21240.6,21243.3
2025-04-22 11:52:03.282973,21240.6,21242.3
2025-04-22 11:52:03.812439,21240.3,21241.7
2025-04-22 11:52:06.803546,21238.6,21241.3
2025-04-22 11:52:07.882116,21238.6,21240.3
2025-04-22 11:52:10.132498,21237.3,21238.7
2025-04-22 11:52:10.667564,21236.3,21237.7
2025-04-22 11:52:11.401973,21235.6,21237.3
2025-04-22 11:52:13.058108,21235.3,21236.7
2025-04-22 11:52:16.401635,21235.6,21237.3
2025-04-22 11:52:18.016681,21235.3,21236.7
2025-04-22 11:52:19.472675,21235.6,21237.3
2025-04-22 11:52:20.068300,21235.3,21236.7
2025-04-22 11:52:22.202430,21235.6,21237.3
2025-04-22 11:52:22.704316,21236.6,21238.3
2025-04-22 11:52:25.370617,21236.3,21237.7
2025-04-22 12:15:46.854029,21271.6,21273.3
2025-04-22 12:15:49.091657,21273.3,21274.7
2025-04-22 12:15:49.411176,21274.3,21275.7
2025-04-22 12:15:54.187097,21275.6,21277.3
2025-04-22 12:15:56.541702,21278.3,21279.7
2025-04-22 12:15:59.836999,21279.6,21281.3
2025-04-22 12:16:00.376278,21281.3,21282.7
2025-04-22 12:16:01.780351,21279.6,21281.3
2025-04-22 12:16:02.404552,21278.6,21280.3
2025-04-23 08:45:36.842664,22125.6,22127.3
2025-04-23 08:45:36.844184,22126.3,22127.7
2025-04-23 08:45:36.845190,22125.3,22126.7
2025-04-23 08:45:37.234473,22123.8,22125.2
2025-04-23 08:45:37.893012,22123.3,22124.7
2025-04-23 08:45:41.046674,22123.8,22125.2
2025-04-23 08:45:41.648415,22123.3,22124.7
2025-04-23 08:45:44.188760,22122.8,22124.2
2025-04-23 08:45:44.485704,22123.8,22125.2
2025-04-23 08:45:45.973171,22126.3,22127.7
2025-04-23 08:45:46.274079,22127.8,22129.2
2025-04-23 08:45:46.649506,22126.3,22127.7
2025-04-23 08:45:47.432921,22127.3,22128.7
2025-04-23 08:45:48.169124,22125.6,22127.3
2025-04-23 08:45:51.867046,22125.3,22126.7
2025-04-23 08:45:52.877198,22124.6,22126.3
2025-04-23 08:45:55.766460,22124.3,22125.7
2025-04-23 08:45:56.909170,22123.3,22124.7
2025-04-23 08:45:57.051136,22124.3,22125.7
2025-04-23 08:45:57.428438,22125.3,22126.7
2025-04-23 08:46:00.262656,22124.6,22127.3
2025-04-23 08:46:00.899705,22124.3,22125.7
2025-04-23 08:46:02.992394,22122.6,22125.3
2025-04-23 08:46:04.441182,22121.6,22123.3
2025-04-23 08:46:05.095604,22120.6,22122.3
2025-04-23 08:46:06.890883,22121.6,22123.3
2025-04-23 08:46:09.383061,22123.3,22124.7
2025-04-23 08:46:09.727983,22120.8,22122.2
2025-04-23 08:46:10.218569,22121.3,22122.7
2025-04-23 08:46:11.698254,22121.6,22123.3
2025-04-23 08:46:12.231516,22122.3,22123.7
2025-04-23 08:46:13.258840,22121.3,22122.7
2025-04-23 08:46:16.951055,22121.6,22123.3
2025-04-23 08:46:22.839892,22120.8,22122.2
2025-04-23 08:46:23.857458,22120.3,22121.7
2025-04-23 08:46:27.497428,22119.3,22120.7
2025-04-23 08:46:27.771202,22118.8,22120.2
2025-04-23 08:46:28.181371,22118.3,22119.7
2025-04-23 08:46:28.744812,22113.6,22116.3
2025-04-23 08:46:29.164777,22113.3,22114.7
2025-04-23 08:46:31.417631,22112.3,22113.7
2025-04-23 08:46:31.923401,22112.6,22114.3
2025-04-23 08:46:32.770736,22111.6,22113.3
2025-04-23 08:46:33.567247,22112.3,22113.7
2025-04-23 08:46:34.703161,22109.6,22113.3
2025-04-23 08:46:34.924661,22107.6,22110.3
2025-04-23 08:46:35.582446,22107.6,22109.3
2025-04-23 08:46:36.648789,22107.3,22108.7
2025-04-23 08:46:39.033609,22106.6,22108.3
2025-04-23 08:46:39.381854,22106.3,22107.7
2025-04-23 08:46:39.679479,22107.6,22109.3
2025-04-23 08:46:42.577037,22107.3,22108.7
2025-04-23 08:46:43.180007,22107.6,22110.3
2025-04-23 08:46:44.238513,22108.8,22110.2
2025-04-23 08:46:44.807975,22107.6,22109.3
2025-04-23 08:46:46.757665,22107.3,22108.7
2025-04-23 08:46:47.051353,22108.3,22109.7
2025-04-23 08:46:48.560017,22108.6,22110.3
2025-04-23 08:46:52.186001,22108.3,22109.7
2025-04-23 08:46:53.238390,22109.3,22110.7
2025-04-23 08:46:54.201411,22110.8,22112.2
2025-04-23 08:46:56.403805,22110.6,22112.3
2025-04-23 08:46:57.163204,22111.3,22112.7
2025-04-23 08:46:59.490857,22111.6,22114.3
2025-04-23 08:46:59.989104,22111.6,22113.3
2025-04-23 08:47:01.138788,22113.3,22114.7
2025-04-23 08:47:01.376271,22113.6,22115.3
2025-04-23 08:47:02.114676,22113.3,22114.7
2025-04-23 08:47:02.512810,22113.6,22115.3
2025-04-23 08:47:03.465369,22113.6,22116.3
2025-04-23 08:47:04.100498,22114.6,22116.3
2025-04-23 08:47:06.764916,22115.6,22117.3
2025-04-23 08:47:08.168255,22115.3,22116.7
2025-04-23 08:47:08.669529,22114.6,22116.3
2025-04-23 08:47:15.392689,22114.3,22115.7
2025-04-23 08:47:17.668813,22112.3,22113.7
2025-04-23 08:47:17.999540,22112.6,22115.3
2025-04-23 08:47:18.961701,22111.6,22113.3
2025-04-23 08:47:19.251665,22111.6,22114.3
2025-04-23 08:47:21.362224,22111.3,22112.7
2025-04-23 08:47:22.160068,22111.6,22113.3
2025-04-23 08:47:29.281158,22112.3,22113.7
2025-04-23 08:47:30.270445,22111.6,22114.3
2025-04-23 08:47:31.779515,22112.3,22113.7
2025-04-23 08:47:32.275165,22111.6,22113.3
2025-04-23 08:47:33.656763,22112.8,22114.2
2025-04-23 08:47:34.316119,22115.3,22116.7
2025-04-23 08:47:35.206071,22115.6,22117.3
2025-04-23 08:47:40.526729,22114.6,22116.3
2025-04-23 08:47:41.089379,22114.3,22115.7
2025-04-23 08:47:41.496618,22115.3,22116.7
2025-04-23 08:47:42.006010,22116.3,22117.7
2025-04-23 08:47:43.329121,22116.6,22119.3
2025-04-23 08:47:45.415629,22116.6,22118.3
2025-04-23 08:47:45.694309,22115.6,22117.3
2025-04-23 08:47:46.711690,22114.3,22115.7
2025-04-23 08:47:47.831771,22116.3,22117.7
2025-04-23 08:47:48.735438,22117.8,22119.2
2025-04-23 08:47:49.441221,22117.3,22118.7
2025-04-23 08:47:49.818524,22117.6,22119.3
2025-04-23 08:47:53.031968,22117.6,22120.3
2025-04-23 08:47:56.255215,22119.6,22122.3
2025-04-23 08:47:57.221325,22121.3,22122.7
2025-04-23 08:47:57.620488,22120.6,22123.3
2025-04-23 08:47:58.273295,22120.6,22122.3
2025-04-23 08:47:59.309054,22120.6,22123.3
2025-04-23 08:48:00.129759,22121.3,22122.7
2025-04-23 08:48:00.851107,22120.6,22122.3
2025-04-23 08:48:02.211113,22119.6,22121.3
2025-04-23 08:48:03.204857,22116.6,22118.3
2025-04-23 08:48:03.992840,22115.6,22117.3
2025-04-23 08:48:04.482604,22114.6,22117.3
2025-04-23 08:48:06.159924,22114.6,22116.3
2025-04-23 08:48:07.187622,22115.3,22116.7
2025-04-23 08:48:07.957005,22113.6,22116.3
2025-04-23 08:48:12.273376,22113.3,22114.7
2025-04-23 08:48:12.548712,22113.6,22115.3
2025-04-23 08:48:13.246567,22115.8,22117.2
2025-04-23 08:48:13.745857,22116.6,22118.3
2025-04-23 08:48:14.071557,22118.6,22121.3
2025-04-23 08:48:14.557560,22120.3,22121.7
2025-04-23 08:48:15.059523,22121.3,22122.7
2025-04-23 08:48:15.594797,22121.8,22123.2
2025-04-23 08:48:16.144007,22121.6,22123.3
2025-04-23 08:48:17.420426,22120.6,22123.3
2025-04-23 08:48:18.421437,22121.3,22122.7
2025-04-23 08:48:21.278125,22120.6,22123.3
2025-04-23 08:48:21.722920,22121.3,22122.7
2025-04-23 08:48:22.913888,22120.3,22121.7
2025-04-23 08:48:23.913168,22121.3,22122.7
2025-04-23 08:48:24.340265,22120.6,22123.3
2025-04-23 08:48:28.040670,22121.3,22122.7
2025-04-23 08:48:29.512163,22119.6,22122.3
2025-04-23 08:48:30.011394,22120.6,22122.3
2025-04-23 08:48:31.023597,22119.6,22122.3
2025-04-23 08:48:31.662121,22120.6,22122.3
2025-04-23 08:48:32.084376,22118.6,22121.3
2025-04-23 08:48:32.572079,22120.6,22122.3
2025-04-23 08:48:33.076905,22121.3,22122.7
2025-04-23 08:48:33.440564,22120.3,22121.7
2025-04-23 08:48:33.675930,22121.8,22123.2
2025-04-23 08:48:34.577691,22120.3,22121.7
2025-04-23 08:48:36.194033,22118.6,22121.3
2025-04-23 08:48:36.934252,22120.3,22121.7
2025-04-23 08:48:37.393616,22120.6,22122.3
2025-04-23 08:48:37.884543,22120.3,22121.7
2025-04-23 08:48:38.047684,22119.6,22121.3
2025-04-23 08:48:39.949499,22120.3,22121.7
2025-04-23 08:48:42.206126,22120.6,22122.3
2025-04-23 08:48:43.724759,22120.3,22121.7
2025-04-23 08:48:44.443050,22120.6,22122.3
2025-04-23 08:48:46.121405,22120.6,22124.3
2025-04-23 08:48:47.854048,22124.6,22127.3
2025-04-23 08:48:49.025360,22122.6,22125.3
2025-04-23 08:48:50.077601,22123.6,22125.3
2025-04-23 08:48:51.596233,22125.3,22126.7
2025-04-23 08:48:56.676534,22124.6,22126.3
2025-04-23 08:48:57.497506,22124.3,22125.7
2025-04-23 08:48:59.182824,22124.6,22126.3
2025-04-23 08:49:00.966396,22127.3,22128.7
2025-04-23 08:49:01.991982,22126.3,22127.7
2025-04-23 08:49:02.554960,22125.3,22126.7
2025-04-23 08:49:04.610841,22125.6,22127.3
2025-04-23 08:49:05.966528,22126.3,22127.7
2025-04-23 08:49:06.299845,22125.6,22128.3
2025-04-23 08:49:07.278218,22124.6,22126.3
2025-04-23 08:49:07.784702,22125.3,22126.7
2025-04-23 08:49:09.303870,22121.6,22124.3
2025-04-23 08:49:09.505684,22123.6,22125.3
2025-04-23 08:49:09.937438,22124.3,22125.7
2025-04-23 08:49:11.499557,22123.3,22124.7
2025-04-23 08:49:11.741441,22121.3,22122.7
2025-04-23 08:49:13.436455,22120.6,22123.3
2025-04-23 08:49:15.200406,22122.6,22125.3
2025-04-23 08:49:17.029429,22124.6,22127.3
2025-04-23 08:49:18.176251,22124.6,22126.3
2025-04-23 08:49:20.629535,22125.3,22126.7
2025-04-23 08:49:22.221312,22125.6,22128.3
2025-04-23 08:49:22.479115,22125.6,22127.3
2025-04-23 08:49:23.388953,22125.6,22129.3
2025-04-23 08:49:25.282282,22125.6,22127.3
2025-04-23 08:49:25.422505,22125.3,22126.7
2025-04-23 08:49:26.437546,22125.6,22127.3
2025-04-23 08:49:26.925853,22125.6,22128.3
2025-04-23 08:49:28.767903,22125.6,22127.3
2025-04-23 08:49:32.315425,22125.3,22126.7
2025-04-23 08:49:32.996017,22125.6,22127.3
2025-04-23 08:49:33.550905,22126.6,22128.3
2025-04-23 08:49:34.847091,22127.3,22128.7
2025-04-23 08:49:35.684082,22128.6,22131.3
2025-04-23 08:49:36.150207,22130.6,22132.3
2025-04-23 08:49:36.814208,22130.3,22131.7
2025-04-23 08:49:37.046167,22128.6,22131.3
2025-04-23 08:49:37.313471,22130.3,22131.7
2025-04-23 08:49:37.494796,22130.6,22133.3
2025-04-23 08:49:37.820235,22131.3,22132.7
2025-04-23 08:49:39.482258,22130.3,22131.7
2025-04-23 08:49:41.412679,22131.3,22132.7
2025-04-23 08:49:42.586646,22131.6,22133.3
2025-04-23 08:49:43.295370,22131.6,22134.3
2025-04-23 08:49:44.194093,22132.6,22134.3
2025-04-23 08:49:45.405377,22133.3,22134.7
2025-04-23 08:49:47.926587,22133.6,22136.3
2025-04-23 08:49:49.607369,22133.3,22134.7
2025-04-23 08:49:50.833565,22133.6,22135.3
2025-04-23 08:49:51.044270,22134.3,22135.7
2025-04-23 08:49:55.969213,22135.3,22136.7
2025-04-23 08:49:56.949833,22134.6,22136.3
2025-04-23 08:49:57.456886,22132.6,22134.3
2025-04-23 08:49:57.608096,22134.8,22136.2
2025-04-23 08:49:58.113772,22132.3,22133.7
2025-04-23 08:49:59.410912,22133.6,22136.3
2025-04-23 08:49:59.721526,22133.6,22137.3
2025-04-23 08:49:59.945733,22135.6,22138.3
2025-04-23 08:50:00.392318,22135.3,22136.7
2025-04-23 08:50:00.880945,22132.6,22134.3
2025-04-23 08:50:03.434716,22130.6,22134.3
2025-04-23 08:50:04.413221,22132.6,22135.3
2025-04-23 08:50:05.621548,22132.6,22134.3
2025-04-23 08:50:08.401706,22133.3,22134.7
2025-04-23 08:50:09.125628,22132.6,22134.3
2025-04-23 08:50:11.199828,22133.3,22134.7
2025-04-23 08:50:19.190394,22133.6,22135.3
2025-04-23 08:50:24.137351,22136.3,22137.7
2025-04-23 08:50:24.325548,22133.6,22136.3
2025-04-23 08:50:25.027630,22135.3,22136.7
2025-04-23 08:50:25.527711,22133.6,22136.3
2025-04-23 08:50:27.849967,22134.6,22136.3
2025-04-23 08:50:28.842742,22133.6,22135.3
2025-04-23 08:50:29.008666,22132.6,22134.3
2025-04-23 08:50:29.457843,22131.6,22134.3
2025-04-23 08:50:29.679347,22131.3,22132.7
2025-04-23 08:50:30.330906,22132.6,22134.3
2025-04-23 08:50:30.574707,22133.3,22134.7
2025-04-23 08:50:30.947848,22132.6,22134.3
2025-04-23 08:50:31.241094,22131.6,22133.3
2025-04-23 08:50:31.634274,22132.3,22133.7
2025-04-23 08:50:31.919957,22132.6,22134.3
2025-04-23 08:50:32.307762,22135.3,22136.7
2025-04-23 08:50:34.432118,22136.3,22137.7
2025-04-23 08:50:35.143344,22136.6,22139.3
2025-04-23 08:50:35.950492,22136.6,22138.3
2025-04-23 08:50:36.384058,22134.6,22138.3
2025-04-23 08:50:36.951350,22136.3,22137.7
2025-04-23 08:50:37.343322,22135.3,22136.7
2025-04-23 08:50:38.158188,22136.3,22137.7
2025-04-23 08:50:38.538092,22137.6,22140.3
2025-04-23 08:50:38.805069,22138.6,22141.3
2025-04-23 08:50:40.022307,22139.6,22141.3
2025-04-23 08:50:40.567677,22139.6,22142.3
2025-04-23 08:50:43.121638,22139.6,22141.3
2025-04-23 08:50:44.748902,22138.6,22140.3
2025-04-23 08:50:46.184670,22137.6,22140.3
2025-04-23 08:50:47.584587,22137.6,22139.3
2025-04-23 08:50:48.404407,22136.6,22138.3
2025-04-23 08:50:49.238422,22134.6,22137.3
2025-04-23 08:50:49.667317,22134.6,22136.3
2025-04-23 08:50:50.467352,22133.6,22135.3
2025-04-23 08:50:51.185635,22132.6,22134.3
2025-04-23 08:50:52.155124,22131.6,22134.3
2025-04-23 08:50:52.911952,22129.3,22130.7
2025-04-23 08:50:53.513132,22128.6,22130.3
2025-04-23 08:50:53.684119,22129.3,22130.7
2025-04-23 08:50:53.852335,22129.6,22131.3
2025-04-23 08:50:54.136912,22129.8,22131.2
2025-04-23 08:50:54.647921,22129.3,22130.7
2025-04-23 08:50:54.879109,22128.6,22130.3
2025-04-23 08:50:56.162956,22128.3,22129.7
2025-04-23 08:50:56.385476,22127.6,22129.3
2025-04-23 08:50:59.365466,22128.3,22129.7
2025-04-23 08:51:01.853194,22126.6,22129.3
2025-04-23 08:51:02.419583,22124.6,22127.3
2025-04-23 08:51:02.673669,22125.3,22126.7
2025-04-23 08:51:08.978327,22125.6,22127.3
2025-04-23 08:51:10.373221,22127.6,22129.3
2025-04-23 08:51:11.850216,22127.6,22130.3
2025-04-23 08:51:12.553418,22129.6,22132.3
2025-04-23 08:51:13.285314,22128.6,22131.3
2025-04-23 08:51:13.503935,22128.6,22130.3
2025-04-23 08:51:14.055880,22126.6,22129.3
2025-04-23 08:51:14.300698,22128.3,22129.7
2025-04-23 08:51:16.987263,22128.6,22130.3
2025-04-23 08:51:17.504551,22129.3,22130.7
2025-04-23 08:51:19.529393,22131.3,22132.7
2025-04-23 08:51:20.041610,22132.3,22133.7
2025-04-23 08:51:21.170637,22131.6,22133.3
2025-04-23 08:51:22.702682,22130.6,22133.3
2025-04-23 08:51:23.527543,22130.3,22131.7
2025-04-23 08:51:23.873802,22130.6,22132.3
2025-04-23 08:51:25.207393,22131.3,22132.7
2025-04-23 08:51:25.543418,22130.6,22132.3
2025-04-23 08:51:27.378334,22131.3,22132.7
2025-04-23 08:51:27.854401,22130.3,22131.7
2025-04-23 08:51:28.192700,22130.6,22132.3
2025-04-23 08:51:32.593151,22129.6,22132.3
2025-04-23 08:51:33.017725,22126.6,22129.3
2025-04-23 08:51:34.252301,22127.6,22129.3
2025-04-24 19:50:10.371171,22276.6,22278.3
2025-04-24 19:50:12.240541,22276.2,22277.7
2025-04-24 19:50:12.752208,22274.6,22276.3
2025-04-24 19:50:13.273173,22275.2,22276.7
2025-04-24 19:50:13.919128,22275.7,22277.2
2025-04-24 19:50:14.413706,22275.2,22276.7
2025-04-24 19:50:15.409237,22274.7,22276.2
2025-04-24 19:50:16.656803,22274.6,22276.3
2025-04-24 19:50:17.558355,22273.7,22275.2
2025-04-24 19:50:17.916619,22274.2,22275.7
2025-04-24 19:50:18.317764,22274.6,22276.3
2025-04-24 19:50:19.545960,22273.6,22275.3
2025-04-24 19:50:20.040030,22274.6,22276.3
2025-04-24 19:50:20.547745,22274.2,22275.7
2025-04-24 19:50:21.538925,22274.6,22276.3
2025-04-24 19:50:22.434693,22275.2,22276.7
2025-04-24 19:50:23.731655,22274.6,22276.3
2025-04-24 19:50:26.108350,22275.6,22277.3
2025-04-24 19:50:26.573134,22276.6,22278.3
2025-04-24 19:50:28.076402,22276.2,22277.7
2025-04-24 19:50:29.356142,22276.6,22278.3
2025-04-24 19:50:32.368173,22276.2,22277.7
2025-04-24 19:50:37.474205,22276.7,22278.2
2025-04-24 19:50:38.368178,22276.6,22278.3
2025-04-24 19:50:38.887581,22276.2,22277.7
2025-04-24 19:50:39.881294,22275.6,22277.3
2025-04-24 19:50:41.385135,22275.2,22276.7
2025-04-24 19:50:42.805830,22276.2,22277.7
2025-04-24 19:50:43.299809,22275.2,22276.7
2025-04-24 19:50:44.196870,22275.6,22277.3
2025-04-24 19:50:44.691984,22276.2,22277.7
2025-04-24 19:50:46.265521,22275.7,22277.2
2025-04-24 19:50:50.097398,22274.7,22276.2
2025-04-24 19:50:53.102256,22274.6,22276.3
2025-04-24 19:50:55.819412,22274.2,22275.7
2025-04-24 19:50:56.826690,22274.6,22276.3
2025-04-24 19:50:58.688654,22275.2,22276.7
2025-04-24 19:50:59.177266,22273.6,22275.3
2025-04-24 19:51:00.185762,22273.2,22274.7
2025-04-24 19:51:00.918938,22272.6,22274.3
2025-04-24 19:51:03.193159,22272.2,22273.7
2025-04-24 19:51:03.704446,22271.2,22272.7
2025-04-24 19:51:04.105472,22271.6,22273.3
2025-04-24 19:51:05.109172,22271.2,22272.7
2025-04-24 19:51:08.107348,22270.6,22272.3
2025-04-24 19:51:09.897699,22270.2,22271.7
2025-04-24 19:51:11.906506,22269.7,22271.2
2025-04-24 19:51:13.405739,22269.6,22271.3
2025-04-24 19:51:14.908541,22269.2,22270.7
2025-04-24 19:51:15.422103,22268.2,22269.7
2025-04-24 19:51:16.408634,22269.2,22270.7
2025-04-24 19:51:18.422873,22268.2,22269.7
2025-04-24 19:51:18.915637,22267.6,22269.3
2025-04-24 19:51:19.410232,22268.2,22269.7
2025-04-24 19:51:19.875859,22267.6,22269.3
2025-04-24 19:51:20.022155,22268.2,22269.7
2025-04-24 19:51:21.100499,22267.6,22269.3
2025-04-24 19:51:22.422002,22267.2,22268.7
2025-04-24 19:51:23.204249,22267.6,22269.3
2025-04-24 19:51:24.212733,22266.2,22267.7
2025-04-24 19:51:24.917522,22265.6,22267.3
2025-04-24 19:51:25.417157,22266.2,22267.7
2025-04-24 19:51:26.496341,22266.6,22268.3
2025-04-24 19:51:27.343826,22264.7,22266.2
2025-04-24 19:51:28.753870,22265.2,22266.7
2025-04-24 19:51:29.759215,22264.6,22266.3
2025-04-24 19:51:30.252648,22264.7,22266.2
2025-04-24 19:51:30.763501,22265.2,22266.7
2025-04-24 19:51:31.086449,22264.7,22266.2
2025-04-24 19:51:31.291537,22264.2,22265.7
2025-04-24 19:51:31.789590,22263.6,22265.3
2025-04-24 19:51:32.296959,22263.2,22264.7
2025-04-24 19:51:33.267209,22262.6,22264.3
2025-04-24 19:51:33.759593,22262.2,22263.7
2025-04-24 19:51:34.091506,22261.6,22263.3
2025-04-24 19:51:37.784345,22262.7,22264.2
2025-04-24 19:51:38.296406,22261.2,22262.7
2025-04-24 19:51:40.038588,22260.2,22261.7
2025-04-24 19:51:40.535597,22259.7,22261.2
2025-04-24 19:51:41.544457,22260.2,22261.7
2025-04-24 19:51:42.182732,22261.2,22262.7
2025-04-24 19:51:43.685067,22260.6,22263.3
2025-04-24 19:51:43.837938,22261.6,22263.3
2025-04-24 19:51:46.820194,22262.2,22263.7
2025-04-24 19:51:47.316239,22261.6,22263.3
2025-04-24 19:51:48.381552,22262.2,22263.7
2025-04-24 19:51:49.837366,22261.6,22263.3
2025-04-24 19:51:49.994769,22262.2,22263.7
2025-04-24 19:51:50.987317,22262.6,22264.3
2025-04-24 19:51:51.499197,22262.2,22263.7
2025-04-24 19:51:51.996047,22262.6,22264.3
2025-04-24 19:51:52.751352,22262.2,22263.7
2025-04-24 19:51:53.245889,22261.6,22263.3
2025-04-24 19:53:49.758472,22270.2,22271.7
2025-04-24 19:53:50.506110,22271.2,22272.7
2025-04-24 19:53:53.513087,22269.6,22271.3
2025-04-24 19:53:55.015887,22270.6,22272.3
2025-04-24 19:53:55.823634,22271.2,22272.7
2025-04-24 19:53:57.320749,22270.6,22272.3
2025-04-24 19:53:57.928391,22271.2,22272.7
2025-04-24 19:53:58.681383,22271.6,22273.3
2025-04-24 19:54:00.933369,22270.6,22272.3
2025-04-24 19:54:02.433883,22271.2,22272.7
2025-04-24 19:54:05.324087,22270.7,22272.2
2025-04-24 19:54:07.881470,22270.6,22272.3
2025-04-24 19:54:08.899940,22271.2,22272.7
2025-04-24 19:54:09.717418,22270.2,22271.7
2025-04-24 19:54:10.005250,22271.2,22272.7
2025-04-24 19:54:10.450805,22272.2,22273.7
2025-04-24 19:54:10.995068,22272.7,22274.2
2025-04-24 19:54:11.741744,22271.6,22273.3
2025-04-24 19:54:12.490488,22272.2,22273.7
2025-04-24 19:54:14.377797,22271.6,22273.3
2025-04-24 19:54:16.634352,22269.6,22271.3
2025-04-24 19:54:17.386659,22269.2,22270.7
2025-04-24 19:54:18.134070,22269.6,22271.3
2025-04-24 19:54:20.459412,22269.2,22270.7
2025-04-24 19:54:24.211289,22268.6,22270.3
2025-04-24 19:54:24.969191,22268.2,22269.7
2025-04-24 19:54:26.470644,22268.6,22270.3
2025-04-24 19:54:28.732288,22269.2,22270.7
2025-04-24 19:54:29.482334,22269.6,22271.3
2025-04-24 19:54:30.230686,22269.2,22270.7
2025-04-24 19:54:30.982410,22269.6,22271.3
2025-04-24 19:54:31.387539,22270.2,22271.7
2025-04-24 19:54:32.887271,22268.6,22270.3
2025-04-24 19:54:33.878879,22268.2,22269.7
2025-04-24 19:54:34.631261,22267.6,22269.3
2025-04-24 19:54:36.581715,22267.2,22268.7
2025-04-24 19:54:39.155005,22268.2,22269.7
2025-04-24 19:54:39.843118,22268.6,22270.3
2025-04-24 19:54:42.085663,22269.7,22271.2
2025-04-24 19:54:42.711146,22269.2,22270.7
2025-04-24 19:54:43.472087,22269.6,22272.3
2025-04-24 19:54:44.968824,22269.6,22271.3
2025-04-24 19:54:46.468660,22269.2,22270.7
2025-04-24 19:54:48.436762,22268.6,22270.3
2025-04-24 19:54:49.186813,22269.2,22270.7
2025-04-24 19:54:49.935433,22268.6,22270.3
2025-04-24 19:54:52.487139,22267.6,22269.3
2025-04-24 19:54:53.539379,22267.2,22268.7
2025-04-24 19:54:55.132394,22267.6,22269.3
2025-04-24 19:54:55.967826,22267.2,22268.7
2025-04-24 19:54:58.592327,22268.2,22269.7
2025-04-24 19:54:58.827050,22267.2,22268.7
2025-04-24 19:54:59.073267,22266.2,22267.7
2025-04-24 19:54:59.336784,22265.6,22267.3
2025-04-24 19:54:59.879880,22266.2,22267.7
2025-04-24 19:55:00.629994,22265.6,22267.3
2025-04-24 19:55:01.386322,22263.6,22265.3
2025-04-24 19:55:02.885593,22264.2,22265.7
2025-04-24 19:55:03.638936,22265.2,22266.7
2025-04-24 19:55:04.386627,22265.6,22267.3
2025-04-24 19:55:05.135954,22266.6,22268.3
2025-04-24 19:55:05.348259,22264.2,22265.7
2025-04-24 19:55:06.852447,22266.2,22267.7
2025-04-24 19:55:08.670389,22266.6,22268.3
2025-04-24 19:55:09.771251,22267.2,22268.7
2025-04-24 19:55:10.535546,22266.6,22268.3
2025-04-24 19:55:11.822765,22267.2,22268.7
2025-04-24 19:55:12.568542,22267.6,22269.3
2025-04-24 19:55:13.084143,22266.6,22268.3
2025-04-24 19:55:14.133226,22267.2,22268.7
2025-04-24 19:55:15.149784,22267.6,22269.3
2025-04-24 19:55:16.608003,22266.2,22267.7
2025-04-24 19:55:17.313028,22266.6,22268.3
2025-04-24 19:55:18.051448,22266.2,22267.7
2025-04-24 19:55:18.674729,22266.6,22268.3
2025-04-24 19:55:19.291193,22266.2,22267.7
2025-04-24 19:55:20.013252,22267.2,22268.7
2025-04-24 19:55:20.769425,22267.6,22269.3
2025-04-24 19:55:22.268784,22267.2,22268.7
2025-04-24 19:55:23.048055,22267.6,22269.3
2025-04-24 19:55:23.787526,22268.2,22269.7
2025-04-24 19:55:25.286512,22268.6,22270.3
2025-04-24 19:55:27.084737,22268.2,22269.7
2025-04-24 19:55:27.714250,22268.7,22270.2
2025-04-24 19:55:29.216997,22266.6,22268.3
2025-04-24 19:55:29.799644,22267.7,22269.2
2025-04-24 19:55:30.343974,22268.2,22269.7
2025-04-24 19:55:31.086158,22267.2,22268.7
2025-04-24 19:55:31.327190,22267.6,22269.3
2025-04-24 19:55:32.066581,22268.2,22269.7
2025-04-24 19:55:32.818969,22267.2,22268.7
2025-04-24 19:55:33.569245,22267.6,22269.3
2025-04-24 19:55:34.041147,22268.2,22269.7
2025-04-24 19:55:34.454536,22267.6,22269.3
2025-04-24 19:55:35.201451,22267.2,22268.7
2025-04-24 19:55:35.528049,22266.6,22268.3
2025-04-24 19:55:36.257282,22265.6,22267.3
2025-04-24 19:55:38.403099,22266.2,22267.7
2025-04-24 19:55:40.135543,22265.6,22267.3
2025-04-24 19:55:40.881152,22266.2,22267.7
2025-04-24 19:55:42.484828,22265.6,22267.3
2025-04-24 19:55:43.524021,22266.2,22267.7
2025-04-24 19:55:45.054211,22267.2,22268.7
2025-04-24 19:55:46.904142,22267.7,22269.2
2025-04-24 19:55:47.366614,22267.6,22269.3
2025-04-24 19:55:48.133584,22267.2,22268.7
2025-04-24 19:55:49.387609,22267.6,22269.3
2025-04-24 19:55:51.951346,22270.7,22272.2
2025-04-24 19:55:52.699978,22269.2,22270.7
2025-04-24 19:55:54.536005,22270.7,22272.2
2025-04-24 19:55:55.156131,22269.6,22271.3
2025-04-24 19:55:56.567111,22270.2,22271.7
2025-04-24 19:55:57.519033,22270.7,22272.2
2025-04-24 19:55:58.287254,22270.2,22271.7
2025-04-24 19:55:59.802775,22270.7,22272.2
2025-04-24 19:56:00.573545,22271.2,22272.7
2025-04-24 19:56:02.991786,22270.7,22272.2
2025-04-24 19:56:03.750454,22268.6,22270.3
2025-04-24 19:56:04.490593,22269.2,22270.7
2025-04-24 19:56:06.001304,22270.6,22272.3
2025-04-24 19:56:07.568973,22269.7,22271.2
2025-04-24 19:56:08.664997,22270.2,22271.7
2025-04-24 19:56:09.421559,22269.7,22271.2
2025-04-24 19:56:10.170320,22268.6,22270.3
2025-04-24 19:56:11.001968,22269.6,22271.3
2025-04-24 19:56:11.753615,22270.2,22271.7
2025-04-24 19:56:12.565578,22271.7,22273.2
2025-04-24 19:56:15.888494,22270.7,22272.2
2025-04-24 19:56:19.633841,22271.2,22272.7
2025-04-24 19:56:20.373685,22271.7,22273.2
2025-04-24 19:56:21.315726,22271.6,22273.3
2025-04-24 19:56:23.865617,22270.2,22271.7
2025-04-24 19:56:25.286518,22268.6,22271.3
2025-04-24 19:56:25.987537,22269.2,22270.7
2025-04-24 19:56:26.748936,22269.6,22271.3
2025-04-24 19:56:29.469402,22269.2,22270.7
2025-04-24 19:56:31.607187,22270.2,22271.7
2025-04-24 19:56:34.431867,22269.6,22271.3
2025-04-24 19:56:38.348687,22268.6,22270.3
2025-04-24 19:56:39.098429,22269.2,22270.7
2025-04-24 19:56:42.378247,22269.7,22271.2
2025-04-24 19:56:43.234423,22269.6,22271.3
2025-04-24 19:56:43.674592,22270.2,22271.7
2025-04-24 19:56:43.918507,22269.6,22271.3
2025-04-24 19:56:45.693688,22270.2,22271.7
2025-04-24 19:56:46.449779,22272.2,22273.7
2025-04-24 19:56:47.201327,22273.7,22275.2
2025-04-24 19:56:47.524985,22273.2,22274.7
2025-04-24 19:56:48.271659,22277.2,22278.7
2025-04-24 19:56:49.032432,22276.6,22278.3
2025-04-24 19:56:49.354362,22276.2,22277.7
2025-04-24 19:56:50.100164,22276.6,22278.3
2025-04-24 19:56:50.850710,22276.2,22277.7
2025-04-24 19:56:52.351983,22275.6,22277.3
2025-04-24 19:56:53.004354,22275.2,22276.7
2025-04-24 19:56:53.777852,22274.2,22275.7
2025-04-24 19:56:56.025672,22274.7,22276.2
2025-04-24 19:56:58.000151,22274.6,22276.3
2025-04-24 19:56:59.313013,22274.2,22275.7
2025-04-24 19:56:59.867299,22273.6,22275.3
2025-04-24 19:57:02.546684,22271.6,22273.3
2025-04-24 19:57:03.299040,22272.6,22274.3
2025-04-24 19:57:04.803732,22272.2,22273.7
2025-04-24 19:57:05.554833,22272.7,22274.2
2025-04-24 19:57:06.317368,22273.2,22274.7
2025-04-24 19:57:07.816816,22273.6,22275.3
2025-04-24 19:57:08.566821,22274.2,22275.7
2025-04-24 19:57:09.320836,22274.7,22276.2
2025-04-24 19:57:11.586760,22274.6,22276.3
2025-04-24 19:57:17.900986,22275.7,22277.2
2025-04-24 19:57:20.145453,22275.6,22277.3
2025-04-24 19:57:21.667627,22274.7,22276.2
2025-04-24 19:57:23.965495,22274.6,22276.3
2025-04-24 19:57:24.714965,22275.6,22277.3
2025-04-24 19:57:25.649197,22276.2,22277.7
2025-04-24 19:57:26.682053,22275.7,22277.2
2025-04-24 19:57:28.294308,22276.2,22277.7
2025-04-24 19:57:29.048702,22276.7,22278.2
2025-04-24 19:57:30.102903,22277.6,22279.3
2025-04-24 19:57:30.997381,22277.2,22278.7
2025-04-24 19:57:31.748916,22277.6,22279.3
2025-04-24 19:57:34.291527,22278.7,22280.2
2025-04-24 19:57:39.151001,22279.7,22281.2
2025-04-24 19:57:40.473399,22280.2,22281.7
2025-04-24 19:57:41.570428,22279.7,22281.2
2025-04-24 19:57:42.330975,22278.6,22280.3
2025-04-24 19:57:43.735432,22278.2,22279.7
2025-04-24 19:57:44.472616,22277.2,22278.7
2025-04-24 19:57:45.230142,22277.6,22279.3
2025-04-24 19:57:46.732452,22277.2,22278.7
2025-04-24 19:57:48.233507,22277.6,22279.3
2025-04-24 19:57:50.601144,22278.2,22279.7
2025-04-24 19:57:50.852354,22279.2,22280.7
2025-04-24 19:57:53.106375,22278.6,22280.3
2025-04-24 19:57:54.607009,22277.6,22279.3
2025-04-24 19:57:56.245528,22278.7,22280.2
2025-04-24 19:57:56.998914,22278.2,22279.7
2025-04-24 19:57:58.059922,22277.6,22279.3
2025-04-24 19:57:58.615909,22276.2,22277.7
2025-04-24 19:57:58.857921,22276.6,22278.3
2025-04-24 19:58:02.017533,22277.2,22278.7
2025-04-24 19:58:02.765564,22278.2,22279.7
2025-04-24 19:58:05.010607,22278.7,22280.2
2025-04-24 19:58:05.764665,22280.6,22282.3
2025-04-24 19:58:06.035113,22279.6,22281.3
2025-04-24 19:58:07.375032,22279.2,22280.7
2025-04-24 19:58:09.617128,22277.2,22278.7
2025-04-24 19:58:10.366370,22276.2,22277.7
2025-04-24 19:58:11.250291,22275.2,22276.7
2025-04-24 19:58:13.387998,22274.2,22275.7
2025-04-24 19:58:14.886486,22274.6,22276.3
2025-04-24 19:58:16.984893,22275.2,22276.7
2025-04-24 19:58:17.384867,22276.2,22277.7
2025-04-24 19:58:17.959370,22275.6,22278.3
2025-04-24 19:58:19.367070,22274.6,22277.3
2025-04-24 19:58:21.620046,22277.6,22279.3
2025-04-24 19:58:23.113463,22276.6,22279.3
2025-04-24 19:58:23.872227,22277.6,22280.3
2025-04-24 19:58:24.615117,22279.2,22280.7
2025-04-24 19:58:26.118667,22278.2,22279.7
2025-04-24 19:58:26.864307,22278.6,22281.3
2025-04-24 19:58:28.183814,22278.6,22280.3
2025-04-24 19:58:28.930849,22279.2,22280.7
2025-04-24 19:58:30.427512,22280.7,22282.2
2025-04-24 19:58:31.932052,22278.6,22281.3
2025-04-24 19:58:32.682451,22280.2,22281.7
2025-04-24 19:58:35.764678,22278.2,22279.7
2025-04-24 19:58:37.132788,22279.2,22280.7
2025-04-24 19:58:37.505894,22279.6,22281.3
2025-04-24 19:58:39.570909,22280.2,22281.7
2025-04-24 19:58:41.100183,22279.6,22281.3
2025-04-24 19:58:41.851324,22278.6,22281.3
2025-04-24 19:58:42.597334,22280.2,22281.7
2025-04-24 19:58:44.104265,22279.6,22281.3
2025-04-24 19:58:44.855348,22280.7,22282.2
2025-04-24 19:58:45.605445,22280.6,22282.3
2025-04-24 19:58:46.260483,22280.2,22281.7
2025-04-24 19:58:50.934790,22280.6,22282.3
2025-04-24 19:58:52.634023,22281.2,22282.7
2025-04-24 19:58:53.443604,22281.6,22283.3
2025-04-24 19:58:54.949123,22282.2,22283.7
2025-04-24 19:58:55.697583,22281.2,22282.7
2025-04-24 19:58:57.383819,22280.6,22282.3
2025-04-24 19:58:58.378895,22279.2,22280.7
2025-04-24 19:58:59.128183,22278.2,22279.7
2025-04-24 19:59:00.803755,22277.6,22279.3
2025-04-24 19:59:02.716195,22278.6,22281.3
2025-04-24 19:59:03.466172,22277.6,22280.3
2025-04-24 19:59:05.460605,22277.2,22278.7
2025-04-24 19:59:06.210206,22278.2,22279.7
2025-04-24 19:59:06.687888,22277.6,22280.3
2025-04-24 19:59:08.502172,22274.7,22276.2
2025-04-24 19:59:09.409941,22274.2,22275.7
2025-04-24 19:59:10.957879,22275.2,22276.7
2025-04-24 19:59:12.847355,22274.6,22276.3
2025-04-24 19:59:13.290371,22275.6,22278.3
2025-04-24 19:59:16.898544,22274.6,22278.3
2025-04-24 19:59:17.201488,22274.6,22277.3
2025-04-24 19:59:17.953792,22274.6,22278.3
2025-04-24 19:59:18.692577,22276.6,22278.3
2025-04-24 19:59:19.250516,22273.6,22278.3
2025-04-24 19:59:19.569314,22274.6,22277.3
2025-04-24 19:59:20.605841,22275.7,22277.2
2025-04-24 19:59:20.860608,22276.7,22278.2
2025-04-24 19:59:21.624819,22277.2,22278.7
2025-04-24 19:59:22.369707,22278.7,22280.2
2025-04-24 19:59:22.571348,22275.6,22279.3
2025-04-24 19:59:23.516460,22276.2,22277.7
2025-04-24 19:59:25.013363,22274.6,22277.3
2025-04-24 19:59:25.764430,22276.2,22277.7
2025-04-24 19:59:26.507314,22276.7,22278.2
2025-04-24 19:59:27.299293,22274.6,22278.3
2025-04-24 19:59:27.567935,22274.6,22279.3
2025-04-24 19:59:28.286397,22274.6,22278.3
2025-04-24 19:59:29.033629,22276.6,22279.3
2025-04-24 19:59:31.639232,22277.2,22278.7
2025-04-24 19:59:31.891066,22278.7,22280.2
2025-04-24 19:59:32.510871,22274.6,22278.3
2025-04-24 19:59:33.266109,22274.6,22277.3
2025-04-24 19:59:38.022165,22272.6,22276.3
2025-04-24 19:59:38.773785,22272.6,22274.3
2025-04-24 19:59:39.527790,22272.6,22275.3
2025-04-24 19:59:42.528265,22272.6,22276.3
2025-04-24 19:59:43.451758,22272.6,22278.3
2025-04-24 19:59:44.059474,22276.7,22278.2
2025-04-24 19:59:44.300186,22277.2,22278.7
2025-04-24 19:59:44.827281,22277.7,22279.2
2025-04-24 19:59:46.087136,22277.6,22279.3
2025-04-24 19:59:47.591390,22277.2,22278.7
2025-04-24 19:59:48.119230,22277.7,22279.2
2025-04-24 19:59:48.411685,22276.6,22279.3
2025-04-24 19:59:48.663248,22276.2,22277.7
2025-04-24 19:59:49.163400,22277.2,22278.7
2025-04-24 19:59:49.858978,22277.6,22279.3
2025-04-24 19:59:50.180374,22278.7,22280.2
2025-04-24 19:59:50.448821,22280.6,22282.3
2025-04-24 19:59:51.198559,22279.7,22281.2
2025-04-24 19:59:52.693921,22276.6,22278.3
2025-04-24 19:59:53.446995,22277.6,22279.3
2025-04-24 19:59:54.473775,22277.2,22278.7
2025-04-24 19:59:55.126907,22277.7,22279.2
2025-04-24 19:59:55.974857,22278.2,22279.7
2025-04-24 19:59:56.898808,22277.6,22279.3
2025-04-24 19:59:57.646040,22276.7,22278.2
2025-04-24 19:59:57.986467,22276.6,22278.3
2025-05-26 23:31:32.544471,24047.2,24048.7
2025-05-27 00:15:01.356938,24005.4,24014.6
2025-05-27 00:15:03.552553,24013.9,24018.0
2025-05-27 00:15:11.466029,24001.9,24009.0
2025-05-27 00:15:11.838453,24009.9,24013.0
2025-05-27 00:15:16.418796,24008.9,24012.0
2025-05-27 00:15:22.439295,24008.7,24010.2
2025-05-27 00:15:23.931933,24003.9,24010.0
2025-05-27 00:15:24.930580,24004.9,24013.0
2025-05-27 00:15:27.256054,24010.9,24013.0
2025-05-27 00:15:28.162740,24006.9,24013.0
2025-05-27 00:15:36.496739,24007.9,24012.0
2025-05-27 00:15:39.398016,24011.7,24013.2
2025-05-27 00:15:46.402594,24007.9,24010.0
2025-05-27 00:15:46.443586,24008.7,24010.2
2025-05-27 00:15:51.745987,24011.9,24021.1
2025-05-27 00:15:53.925691,24012.9,24021.0
2025-05-27 00:15:55.421348,24013.9,24021.0
2025-05-27 00:15:56.697001,24014.9,24021.0
2025-05-27 00:15:59.275256,24014.9,24020.0
2025-05-27 00:15:59.965924,24013.9,24018.0
2025-05-27 00:16:02.288323,24013.9,24016.0
2025-05-27 00:16:05.129608,24013.9,24017.0
2025-05-27 00:16:06.190031,24014.9,24019.0
2025-05-27 00:16:11.066989,24015.4,24024.6
2025-05-27 00:16:14.864878,24014.9,24024.0
2025-05-27 00:16:29.993644,24014.9,24021.0
2025-05-27 00:16:40.359770,24014.9,24019.0
2025-05-27 00:16:43.356857,24014.9,24018.0
2025-05-27 00:16:46.258322,24016.2,24017.7
2025-05-27 00:16:58.221494,24017.2,24018.7
2025-05-27 00:17:01.393769,24015.9,24018.0
2025-05-27 00:17:02.301376,24016.2,24017.7
2025-05-27 00:17:08.757537,24017.9,24020.0
2025-05-27 00:17:10.852965,24018.2,24019.7
2025-05-27 00:17:11.954309,24018.7,24020.2
2025-05-27 00:17:16.570018,24018.2,24019.7
2025-05-27 00:17:19.302277,24018.7,24020.2
2025-05-27 00:17:31.294643,24017.7,24019.2
2025-05-27 00:17:33.563861,24017.9,24020.0
2025-05-27 00:17:47.258812,24018.2,24019.7
2025-05-27 00:17:56.306063,24019.2,24020.7
2025-05-27 00:17:56.615265,24018.9,24021.0
2025-05-27 00:17:59.718097,24019.2,24020.7
2025-05-27 00:18:01.426594,24020.7,24022.2
2025-05-27 00:18:02.378850,24020.9,24024.0
2025-05-27 00:18:07.793645,24020.9,24025.0
2025-05-27 00:18:10.853410,24021.9,24025.0
2025-05-27 00:18:15.775570,24022.9,24029.0
2025-05-27 00:18:21.478899,24022.9,24026.0
2025-05-27 00:18:23.368940,24023.7,24025.2
2025-05-27 00:18:25.044934,24022.9,24025.0
2025-05-27 00:18:26.485625,24023.9,24027.0
2025-05-27 00:18:28.297969,24024.9,24027.0
2025-05-27 00:18:29.601370,24024.7,24026.2
2025-05-27 00:18:30.429983,24024.9,24027.0
2025-05-27 00:18:31.751339,24025.7,24027.2
2025-05-27 00:18:32.803428,24025.2,24026.7
2025-05-27 00:18:34.081432,24024.7,24026.2
2025-05-27 00:18:36.194355,24023.9,24026.0
2025-05-27 00:18:38.011897,24024.9,24028.0
2025-05-27 00:18:38.503661,24025.9,24028.0
2025-05-27 00:18:49.551981,24020.9,24027.0
2025-05-27 00:18:50.509512,24023.9,24027.0
2025-05-27 00:18:53.716111,24024.2,24025.7
2025-05-27 00:19:00.917537,24021.9,24025.0
2025-05-27 00:19:03.441462,24021.7,24023.2
2025-05-27 00:19:04.190010,24021.9,24024.0
2025-05-27 00:19:04.387144,24021.9,24025.0
2025-05-27 00:19:04.940015,24021.9,24024.0
2025-05-27 00:19:05.178735,24021.9,24025.0
2025-05-27 00:19:07.921717,24022.7,24024.2
2025-05-27 00:19:09.270186,24023.7,24025.2
2025-05-27 00:19:09.866570,24023.2,24024.7
2025-05-27 00:19:10.545833,24022.7,24024.2
2025-05-27 00:19:12.287816,24023.7,24025.2
2025-05-27 00:19:13.341792,24022.9,24025.0
2025-05-27 00:19:13.701600,24022.7,24024.2
2025-05-27 00:19:15.585010,24022.9,24025.0
2025-05-27 00:19:17.279706,24022.7,24024.2
2025-05-27 00:19:21.040125,24023.2,24024.7
2025-05-27 00:19:22.088529,24022.7,24024.2
2025-05-27 00:19:22.787095,24022.2,24023.7
2025-05-27 00:19:23.121693,24021.7,24023.2
2025-05-27 00:19:25.607373,24020.7,24022.2
2025-05-27 00:19:26.710505,24020.2,24021.7
2025-05-27 00:19:30.033430,24019.7,24021.2
2025-05-27 00:19:36.348941,24019.2,24020.7
2025-05-27 00:19:37.752204,24017.9,24020.0
2025-05-27 00:19:46.253040,24018.2,24019.7
2025-05-27 00:19:47.165946,24017.7,24019.2
2025-05-27 00:19:47.663479,24018.7,24020.2
2025-05-27 00:19:51.441926,24018.2,24019.7
2025-05-27 00:19:54.521461,24017.9,24020.0
2025-05-27 00:19:55.735904,24018.7,24020.2
2025-05-27 00:19:56.344879,24019.2,24020.7
2025-05-27 00:19:57.104416,24017.9,24020.0
2025-05-27 00:19:57.806011,24018.2,24019.7
2025-05-27 00:20:00.594118,24017.7,24019.2
2025-05-27 00:20:03.408555,24015.9,24019.0
2025-05-27 00:20:05.921838,24014.9,24019.0
2025-05-27 00:20:10.141294,24015.9,24019.0
2025-05-27 00:20:11.001808,24014.9,24019.0
2025-05-27 00:20:16.299608,24013.9,24019.0
2025-05-27 00:20:24.501420,24013.9,24018.0
2025-05-27 00:20:29.759121,24012.7,24014.2
2025-05-27 00:20:41.393126,24010.9,24013.0
2025-05-27 00:20:44.874273,24011.9,24014.0
2025-05-27 00:20:47.231754,24009.7,24011.2
2025-05-27 00:20:52.181965,24010.2,24011.7
2025-05-27 00:20:52.606024,24010.7,24012.2
2025-05-27 00:20:58.484511,24010.2,24011.7
2025-05-27 00:21:01.753024,24010.7,24012.2
2025-05-27 00:21:09.457535,24010.2,24011.7
2025-05-27 00:21:09.894853,24010.7,24012.2
2025-05-27 00:21:10.865405,24010.9,24013.0
2025-05-27 00:21:13.305764,24010.7,24012.2
2025-05-27 00:21:13.588600,24010.2,24011.7
2025-05-27 00:21:14.398519,24008.9,24011.0
2025-05-27 00:21:14.976933,24008.7,24010.2
2025-05-27 00:21:22.853551,24008.9,24011.0
2025-05-27 00:21:33.889387,24009.7,24011.2
2025-05-27 00:21:37.455913,24010.9,24013.0
2025-05-27 00:21:38.882553,24010.7,24012.2
2025-05-27 00:21:39.926042,24010.2,24011.7
2025-05-27 00:21:46.621624,24009.7,24011.2
2025-05-27 00:21:46.817034,24007.2,24008.7
2025-05-27 00:21:49.441796,24007.7,24009.2
2025-05-27 00:21:55.986858,24007.2,24008.7
2025-05-27 00:21:57.817412,24005.9,24008.0
2025-05-27 00:21:59.989317,24003.9,24007.0
2025-05-27 00:22:00.420106,24004.2,24005.7
2025-05-27 00:22:01.264319,24004.9,24007.0
2025-05-27 00:22:01.523115,24005.2,24006.7
2025-05-27 00:22:02.003225,24004.7,24006.2
2025-05-27 00:22:02.718083,24004.2,24005.7
2025-05-27 00:22:04.807611,24003.9,24006.0
2025-05-27 00:22:05.874844,24004.9,24008.0
2025-05-27 00:22:08.084719,24005.9,24008.0
2025-05-27 00:22:09.782415,24006.2,24007.7
2025-05-27 00:22:10.056177,24005.9,24008.0
2025-05-27 00:22:11.384264,24006.2,24007.7
2025-05-27 00:22:11.953912,24006.7,24008.2
2025-05-27 00:22:12.448711,24006.2,24007.7
2025-05-27 00:22:13.070507,24005.7,24007.2
2025-05-27 00:22:14.261322,24005.2,24006.7
2025-05-27 00:22:15.237441,24005.9,24009.0
2025-05-27 00:22:15.517292,24005.7,24007.2
2025-05-27 00:22:16.027175,24005.9,24009.0
2025-05-27 00:22:19.747651,24005.2,24006.7
2025-05-27 00:22:20.869778,24005.9,24008.0
2025-05-27 00:22:22.606745,24006.7,24008.2
2025-05-27 00:22:23.865420,24006.2,24007.7
2025-05-27 00:22:26.674087,24005.7,24007.2
2025-05-27 00:22:27.643019,24003.2,24004.7
2025-05-27 00:22:29.585536,24002.7,24004.2
2025-05-27 00:22:30.394085,24001.9,24004.0
2025-05-27 00:22:30.653354,24001.7,24003.2
2025-05-27 00:22:31.779865,24000.9,24003.0
2025-05-27 00:22:35.568380,24000.7,24002.2
2025-05-27 00:22:37.484696,24000.9,24003.0
2025-05-27 00:22:45.103055,23999.9,24002.0
2025-05-27 00:22:47.047731,24000.7,24002.2
2025-05-27 00:22:47.788842,23999.7,24001.2
2025-05-27 00:22:48.799084,23999.2,24000.7
2025-05-27 00:22:50.086057,23998.7,24000.2
2025-05-27 00:22:50.830453,23997.9,24000.0
2025-05-27 00:22:51.100446,23997.7,23999.2
2025-05-27 00:22:51.357605,23997.2,23998.7
2025-05-27 00:22:51.591792,23996.7,23998.2
2025-05-27 00:22:52.217957,23996.9,24000.0
2025-05-27 00:22:52.421021,23998.7,24000.2
2025-05-27 00:22:54.254612,23996.9,23999.0
2025-05-27 00:22:55.250644,23995.9,23998.0
2025-05-27 00:23:00.964703,23995.7,23997.2
2025-05-27 00:23:02.103806,23995.2,23996.7
2025-05-27 00:23:04.385180,23995.9,23998.0
2025-05-27 00:23:04.638843,23996.9,23999.0
2025-05-27 00:23:04.986238,23996.7,23998.2
2025-05-27 00:23:06.848700,23996.9,23999.0
2025-05-27 00:23:08.782644,23996.7,23998.2
2025-05-27 00:23:11.915699,23996.9,23999.0
2025-05-27 00:23:12.069884,23997.7,23999.2
2025-05-27 00:23:12.952073,23997.9,24000.0
2025-05-27 00:23:14.283352,23998.7,24000.2
2025-05-27 00:23:15.905266,23999.9,24002.0
2025-05-27 00:23:19.764531,24000.7,24002.2
2025-05-27 00:23:20.118387,24000.9,24004.0
2025-05-27 00:23:21.252575,23998.9,24003.0
2025-05-27 00:23:24.656014,23996.9,24003.0
2025-05-27 00:23:31.476025,23997.9,24003.0
2025-05-27 00:23:37.146567,23996.9,24003.0
2025-05-27 00:23:46.252510,23999.9,24003.0
2025-05-27 00:23:52.738983,23998.2,23999.7
2025-05-27 00:23:52.963520,23997.9,24000.0
2025-05-27 00:23:54.149107,23997.7,23999.2
2025-05-27 00:23:54.784406,23997.9,24000.0
2025-05-27 00:23:57.500216,23998.7,24000.2
2025-05-27 00:24:01.420127,23996.9,23999.0
2025-05-27 00:24:03.386056,23994.9,23999.0
2025-05-27 00:24:14.842611,23996.9,23999.0
2025-05-27 00:24:15.695228,23999.2,24000.7
2025-05-27 00:24:16.353863,23999.7,24001.2
2025-05-27 00:24:18.699950,23998.9,24001.0
2025-05-27 00:24:24.202512,23999.7,24001.2
2025-05-27 00:24:26.747716,23999.9,24002.0
2025-05-27 00:24:32.875849,23999.7,24001.2
2025-05-27 00:24:38.293377,23997.9,24000.0
2025-05-27 00:24:53.719419,23998.9,24001.0
2025-05-27 00:24:54.379020,23998.7,24000.2
2025-05-27 00:24:57.054306,23997.9,24000.0
2025-05-27 00:25:00.703394,23995.9,23999.0
2025-05-27 00:25:01.444927,23998.9,24001.0
2025-05-27 00:25:01.807868,23997.9,24000.0
2025-05-27 00:25:08.867220,23999.2,24000.7
2025-05-27 00:25:12.122265,24000.2,24001.7
2025-05-27 00:25:14.545310,24000.7,24002.2
2025-05-27 00:25:15.738360,24000.9,24004.0
2025-05-27 00:25:22.218067,24002.2,24003.7
2025-05-27 00:25:26.497476,24000.9,24003.0
2025-05-27 00:25:28.507768,24000.7,24002.2
2025-05-27 00:25:29.467746,24001.7,24003.2
2025-05-27 00:25:31.710049,24000.9,24003.0
2025-05-27 00:25:32.448835,24001.7,24003.2
2025-05-27 00:25:34.341471,24000.7,24002.2
2025-05-27 00:25:35.056299,24000.9,24003.0
2025-05-27 00:25:46.963622,24001.7,24003.2
2025-05-27 00:25:54.770329,24001.9,24005.0
2025-05-27 00:25:58.715399,24001.9,24004.0
2025-05-27 00:25:59.459525,24001.7,24003.2
2025-05-27 00:26:01.770207,24001.9,24004.0
2025-05-27 00:26:20.586320,24002.2,24003.7
2025-05-27 00:26:25.752502,24001.7,24003.2
2025-05-27 00:26:33.888457,24000.9,24003.0
2025-05-27 00:26:42.527682,24000.7,24002.2
2025-05-27 00:26:43.276676,24000.2,24001.7
2025-05-27 00:26:47.614531,23999.9,24002.0
2025-05-27 00:26:48.526830,24000.2,24001.7
2025-05-27 00:26:49.317636,23999.9,24002.0
2025-05-27 00:26:50.087678,24000.7,24002.2
2025-05-27 00:26:53.555494,24001.2,24002.7
2025-05-27 00:26:56.646413,24002.2,24003.7
2025-05-27 00:26:58.031110,24001.7,24003.2
2025-05-27 00:27:00.168377,24001.2,24002.7
2025-05-27 00:27:00.900809,24001.7,24003.2
2025-05-27 00:27:05.990404,24002.2,24003.7
2025-05-27 00:27:08.219669,24001.2,24002.7
2025-05-27 00:27:13.818376,24000.9,24003.0
2025-05-27 00:27:16.116101,24002.2,24003.7
2025-05-27 00:27:17.169796,24002.7,24004.2
2025-05-27 00:27:21.765442,24002.9,24005.0
2025-05-27 00:27:26.081829,24002.9,24006.0
2025-05-27 00:27:30.534704,24003.7,24005.2
2025-05-27 00:27:33.938064,24003.9,24006.0
2025-05-27 00:27:35.821787,24003.7,24005.2
2025-05-27 00:27:38.122001,24002.9,24005.0
2025-05-27 00:27:39.163392,24003.7,24005.2
2025-05-27 00:27:39.529153,24002.9,24005.0
2025-05-27 00:27:40.980817,24002.7,24004.2
2025-05-27 00:27:42.985591,24003.7,24005.2
2025-05-27 00:27:47.625088,24004.7,24006.2
2025-05-27 00:27:50.875379,24003.9,24006.0
2025-05-27 00:28:01.329596,24004.2,24005.7
2025-05-27 00:28:17.682230,23997.9,24005.0
2025-05-27 00:28:19.244602,24000.2,24001.7
2025-05-27 00:28:20.831947,23999.7,24001.2
2025-05-27 00:28:23.297809,23998.2,23999.7
2025-05-27 00:28:24.387757,23998.7,24000.2
2025-05-27 00:28:24.891249,23998.2,23999.7
2025-05-27 00:28:30.217576,23999.2,24000.7
2025-05-27 00:28:32.578938,23999.7,24001.2
2025-05-27 00:28:36.116889,23999.2,24000.7
2025-05-27 00:28:37.984521,23999.7,24001.2
2025-05-27 00:28:42.610480,23999.9,24002.0
2025-05-27 00:28:54.062520,24000.2,24001.7
2025-05-27 00:29:00.919728,23999.2,24000.7
2025-05-27 00:29:06.859023,23999.7,24001.2
2025-05-27 00:29:12.382924,23999.2,24000.7
2025-05-27 00:29:16.098550,23999.9,24002.0
2025-05-27 00:29:19.892374,23999.2,24000.7
2025-05-27 00:29:23.518354,23998.7,24000.2
2025-05-27 00:29:25.193060,23998.2,23999.7
2025-05-27 00:29:33.253848,23996.9,23999.0
2025-05-27 00:29:34.045363,23998.2,23999.7
2025-05-27 00:29:45.046430,23998.9,24001.0
2025-05-27 00:30:00.336832,23998.7,24000.2
2025-05-27 00:30:19.741588,23998.9,24001.0
2025-05-27 00:30:28.414367,23998.2,23999.7
2025-05-27 00:30:29.672491,23996.7,23998.2
2025-05-27 00:30:30.951518,23996.2,23997.7
2025-05-27 00:30:34.114842,23996.9,23999.0
2025-05-27 00:30:36.870864,23998.9,24001.0
2025-05-27 00:30:55.292048,23999.7,24001.2
2025-05-27 00:30:55.776072,23999.2,24000.7
2025-05-27 00:31:00.857942,23997.9,24000.0
2025-05-27 00:31:06.578602,23999.2,24000.7
2025-05-27 00:31:10.656930,23998.9,24002.0
2025-05-27 00:31:14.033251,23999.7,24001.2
2025-05-27 00:31:15.943134,23999.9,24002.0
2025-05-27 00:31:25.225996,23999.2,24000.7
2025-05-27 00:31:25.841104,23999.7,24001.2
2025-05-27 00:31:26.882577,24000.2,24001.7
2025-05-27 00:31:28.604466,23999.9,24002.0
2025-05-27 00:31:29.356040,24000.7,24002.2
2025-05-27 00:31:32.978332,24000.9,24003.0
2025-05-27 00:31:33.785379,23999.9,24002.0
2025-05-27 00:31:36.364922,23999.2,24000.7
2025-05-27 00:31:37.404329,23999.7,24001.2
2025-05-27 00:31:40.987959,24000.2,24001.7
2025-05-27 00:31:41.404136,23999.9,24002.0
2025-05-27 00:31:49.554630,24000.9,24003.0
2025-05-27 00:31:50.394588,23999.9,24002.0
2025-05-27 00:32:20.266274,24000.7,24002.2
2025-05-27 00:32:27.480539,24000.9,24003.0
2025-05-27 00:32:34.994403,24002.2,24003.7
2025-05-27 00:32:35.489199,24001.7,24003.2
2025-05-27 00:32:41.603950,24000.9,24003.0
2025-05-27 00:32:44.524484,24001.7,24003.2
2025-05-27 00:32:49.452035,24000.9,24003.0
2025-05-27 00:33:00.915953,24000.7,24002.2
2025-05-27 00:33:01.683264,24001.2,24002.7
2025-05-27 00:33:11.005333,24000.2,24001.7
2025-05-27 00:33:14.252886,24000.7,24002.2
2025-05-27 00:33:15.997081,23999.7,24001.2
2025-05-27 00:33:18.750970,23999.2,24000.7
2025-05-27 00:33:20.449044,23998.9,24004.0
2025-05-27 00:33:21.875294,23998.9,24002.0
2025-05-27 00:33:29.906026,23998.7,24000.2
2025-05-27 00:33:33.225037,23998.9,24001.0
2025-05-27 00:33:35.428753,23997.9,24000.0
2025-05-27 00:33:39.445037,23998.9,24001.0
2025-05-27 00:33:44.607365,23999.7,24001.2
2025-05-27 00:33:45.597708,23998.9,24001.0
2025-05-27 00:33:50.003721,23998.2,23999.7
2025-05-27 00:33:50.909543,23998.9,24001.0
2025-05-27 00:33:51.505089,23999.2,24000.7
2025-05-27 00:33:52.259398,23999.7,24001.2
2025-05-27 00:33:54.373393,23998.9,24001.0
2025-05-27 00:34:10.477187,23999.9,24002.0
2025-05-27 00:34:13.296755,23998.9,24001.0
2025-05-27 00:34:14.575971,23998.7,24000.2
2025-05-27 00:34:16.513888,23999.2,24000.7
2025-05-27 00:34:17.263494,23998.9,24001.0
2025-05-27 00:34:18.038387,23999.7,24001.2
2025-05-27 00:34:22.472781,23999.9,24003.0
2025-05-27 00:34:56.865336,23998.9,24002.0
2025-05-27 00:34:57.802613,23999.9,24002.0
2025-05-27 00:34:59.798693,24000.7,24002.2
2025-05-27 00:35:01.024217,23998.9,24001.0
2025-05-27 00:35:02.065371,23999.7,24001.2
2025-05-27 00:35:10.718624,24000.9,24004.0
2025-05-27 00:35:13.281396,23999.9,24004.0
2025-05-27 00:35:17.436979,23999.9,24002.0
2025-05-27 00:35:19.532490,23999.9,24004.0
2025-05-27 00:35:21.005673,23999.9,24002.0
2025-05-27 00:35:21.569928,23999.7,24001.2
2025-05-27 00:35:26.156745,23999.9,24003.0
2025-05-27 00:35:27.655529,24000.7,24002.2
2025-05-27 00:35:29.963214,24000.9,24004.0
2025-05-27 00:35:34.207447,24000.9,24003.0
2025-05-27 00:35:41.114580,24001.7,24003.2
2025-05-27 00:35:45.472276,24001.9,24004.0
2025-05-27 00:35:46.214030,24001.7,24003.2
2025-05-27 00:35:46.296945,24001.9,24004.0
2025-05-27 00:35:47.875518,24002.9,24005.0
2025-05-27 00:35:48.692268,24002.2,24003.7
2025-05-27 00:35:58.196138,24002.7,24004.2
2025-05-27 00:36:15.118488,24002.2,24003.7
2025-05-27 00:36:27.846760,24002.7,24004.2
2025-05-27 00:36:31.719826,24002.2,24003.7
2025-05-27 00:36:51.672695,24001.7,24003.2
2025-05-27 00:36:54.350149,24001.2,24002.7
2025-05-27 00:36:57.225086,23999.7,24001.2
2025-05-27 00:36:57.602465,24000.2,24001.7
2025-05-27 00:37:00.860180,24001.7,24003.2
2025-05-27 00:37:01.344034,23999.7,24001.2
2025-05-27 00:37:02.163445,23999.9,24002.0
2025-05-27 00:37:04.781320,24000.7,24002.2
2025-05-27 00:37:06.193573,24000.9,24004.0
2025-05-27 00:37:07.246618,24001.2,24002.7
2025-05-27 00:37:12.306756,23999.9,24002.0
2025-05-27 00:37:24.808018,24000.2,24001.7
2025-05-27 00:37:27.952692,24000.9,24004.0
2025-05-27 00:37:28.901439,24001.7,24003.2
2025-05-27 00:37:29.204317,24001.2,24002.7
2025-05-27 00:37:29.705580,24001.7,24003.2
2025-05-27 00:37:47.127484,24001.2,24002.7
2025-05-27 00:37:47.442675,24001.7,24003.2
2025-05-27 00:38:02.558123,24002.2,24003.7
2025-05-27 00:38:03.739771,23999.9,24003.0
2025-05-27 00:38:07.756508,24001.2,24002.7
2025-05-27 00:38:17.307502,24002.2,24003.7
2025-05-27 00:38:19.334910,24002.7,24004.2
2025-05-27 00:38:20.461356,24002.9,24005.0
2025-05-27 00:38:21.236378,24003.7,24005.2
2025-05-27 00:38:28.344483,24004.2,24005.7
2025-05-27 00:38:32.700386,24003.9,24006.0
2025-05-27 00:38:35.251341,24004.9,24007.0
2025-05-27 00:38:38.884391,24005.9,24008.0
2025-05-27 00:38:39.238279,24006.9,24009.0
2025-05-27 00:38:40.540890,24006.7,24008.2
2025-05-27 00:38:41.046642,24006.9,24009.0
2025-05-27 00:38:42.959445,24006.7,24008.2
2025-05-27 00:38:48.842967,24006.9,24009.0
2025-05-27 00:38:49.998570,24006.7,24008.2
2025-05-27 00:39:01.390412,24006.9,24009.0
2025-05-27 00:39:08.144851,24006.9,24010.0
2025-05-27 00:39:08.907582,24007.9,24010.0
2025-05-27 00:39:09.839263,24006.9,24010.0
2025-05-27 00:39:15.716046,24007.9,24011.0
2025-05-27 00:39:16.175474,24007.9,24013.0
2025-05-27 00:39:18.278988,24007.9,24011.0
2025-05-27 00:39:19.832075,24007.9,24012.0
2025-05-27 00:39:22.396870,24007.9,24011.0
2025-05-27 00:39:33.798191,24007.9,24012.0
2025-05-27 00:39:49.051723,24008.9,24011.0
2025-05-27 00:39:56.687556,24009.9,24013.0
2025-05-27 00:40:13.043561,24008.9,24013.0
2025-05-27 00:40:18.427185,24007.9,24012.0
2025-05-27 00:40:23.757150,24004.9,24012.0
2025-05-27 00:40:23.871295,24005.9,24012.0
2025-05-27 00:40:31.754617,24008.9,24012.0
2025-05-27 00:40:33.225499,24009.9,24012.0
2025-05-27 00:40:39.300048,24010.7,24012.2
2025-05-27 00:40:41.903360,24010.9,24014.0
2025-05-27 00:40:45.889770,24010.9,24013.0
2025-05-27 00:40:46.775623,24010.7,24012.2
2025-05-27 00:40:48.229821,24010.9,24013.0
2025-05-27 00:40:51.619948,24011.9,24014.0
2025-05-27 00:40:53.271903,24009.9,24013.0
2025-05-27 00:40:55.215777,24010.7,24012.2
2025-05-27 00:40:57.477688,24007.9,24012.0
2025-05-27 00:41:00.328551,24008.9,24013.0
2025-05-27 00:41:39.400946,24011.2,24012.7
2025-05-27 00:41:39.866131,24009.9,24012.0
2025-05-27 00:41:44.051916,24007.9,24012.0
2025-05-27 00:41:45.178603,24007.9,24011.0
2025-05-27 00:42:02.484119,24008.7,24010.2
2025-05-27 00:42:36.066306,24007.9,24011.0
2025-05-27 00:42:45.427493,24008.9,24011.0
2025-05-27 00:42:46.235972,24009.7,24011.2
2025-05-27 00:42:48.419151,24009.9,24014.0
2025-05-27 00:43:00.819251,24008.9,24014.0
2025-05-27 00:43:03.276613,24009.9,24014.0
2025-05-27 00:43:07.718742,24010.9,24014.0
2025-05-27 00:43:13.059655,24009.7,24011.2
2025-05-27 00:43:16.972632,24008.7,24010.2
2025-05-27 00:43:40.931361,24007.9,24010.0
2025-05-27 00:43:47.691169,24007.7,24009.2
2025-05-27 00:43:48.296694,24007.2,24008.7
2025-05-27 00:43:49.568110,24007.7,24009.2
2025-05-27 00:44:00.915678,24007.2,24008.7
2025-05-27 00:44:01.417382,24007.9,24010.0
2025-05-27 00:44:07.688032,24007.2,24008.7
2025-05-27 00:44:08.289885,24007.7,24009.2
2025-05-27 00:44:13.816990,24007.9,24011.0
2025-05-27 00:44:16.266762,24008.7,24010.2
2025-05-27 00:44:25.146879,24009.2,24010.7
2025-05-27 00:44:48.829730,24008.2,24009.7
2025-05-27 00:45:01.667080,24007.9,24011.0
2025-05-27 00:45:02.298158,24008.9,24011.0
2025-05-27 00:45:06.650723,24009.9,24013.0
2025-05-27 00:45:07.535935,24009.7,24011.2
2025-05-27 00:45:09.549974,24008.7,24010.2
2025-05-27 00:45:11.069507,24008.2,24009.7
2025-05-27 00:45:13.955078,24008.7,24010.2
2025-05-27 00:45:17.965188,24007.7,24009.2
2025-05-27 00:45:26.459812,24007.2,24008.7
2025-05-27 00:45:29.069622,24007.7,24009.2
2025-05-27 00:45:31.006103,24007.9,24010.0
2025-05-27 00:45:31.759370,24008.7,24010.2
2025-05-27 00:45:38.598390,24008.9,24011.0
2025-05-27 00:45:40.771984,24009.7,24011.2
2025-05-27 00:45:44.239138,24009.9,24013.0
2025-05-27 00:45:53.676013,24010.9,24013.0
2025-05-27 00:45:54.094680,24010.7,24012.2
2025-05-27 00:45:55.364064,24010.9,24013.0
2025-05-27 00:45:58.318856,24010.7,24012.2
2025-05-27 00:46:01.582898,24011.7,24013.2
2025-05-27 00:46:02.365444,24011.9,24014.0
2025-05-27 00:46:03.594421,24012.9,24015.0
2025-05-27 00:46:04.043273,24011.9,24015.0
2025-05-27 00:46:09.304812,24013.9,24017.0
2025-05-27 00:46:13.140572,24015.7,24017.2
2025-05-27 00:46:13.510743,24014.9,24017.0
2025-05-27 00:46:16.567836,24014.9,24018.0
2025-05-27 00:46:25.027077,24015.9,24018.0
2025-05-27 00:46:25.362872,24016.7,24018.2
2025-05-27 00:46:26.185320,24018.7,24020.2
2025-05-27 00:46:27.617416,24018.2,24019.7
2025-05-27 00:46:29.669700,24018.9,24023.0
2025-05-27 00:46:33.619719,24018.9,24022.0
2025-05-27 00:46:35.865229,24019.7,24021.2
2025-05-27 00:46:38.832740,24018.9,24021.0
2025-05-27 00:46:43.743688,24018.9,24022.0
2025-05-27 00:46:44.734011,24019.9,24023.0
2025-05-27 00:46:48.540565,24020.9,24023.0
2025-05-27 00:47:12.545160,24019.9,24023.0
2025-05-27 00:47:15.016298,24020.9,24023.0
2025-05-27 00:47:18.881335,24019.9,24023.0
2025-05-27 00:47:20.485653,24019.9,24022.0
2025-05-27 00:47:34.069657,24018.9,24023.0
2025-05-27 00:47:37.696515,24019.7,24021.2
2025-05-27 00:47:39.096618,24019.9,24022.0
2025-05-27 00:47:40.220695,24019.7,24021.2
2025-05-27 00:47:45.667695,24020.9,24023.0
2025-05-27 00:47:47.639800,24018.9,24023.0
2025-05-27 00:48:10.657009,24020.7,24022.2
2025-05-27 00:48:13.533392,24020.2,24021.7
2025-05-27 00:48:16.865057,24019.9,24022.0
2025-05-27 00:48:18.926943,24020.2,24021.7
2025-05-27 00:48:40.125225,24021.7,24023.2
2025-05-27 00:48:45.379596,24022.7,24024.2
2025-05-27 00:48:57.306602,24023.2,24024.7
2025-05-27 00:48:57.608547,24023.9,24026.0
2025-05-27 00:49:00.627069,24023.7,24025.2
2025-05-27 00:49:01.187922,24023.9,24026.0
2025-05-27 00:49:01.783359,24024.7,24026.2
2025-05-27 00:49:02.123419,24024.9,24027.0
2025-05-27 00:49:05.947296,24023.9,24026.0
2025-05-27 00:49:06.767765,24024.7,24026.2
2025-05-27 00:49:26.590387,24024.9,24027.0
2025-05-27 00:49:27.482216,24025.7,24027.2
2025-05-27 00:49:28.941876,24025.9,24028.0
2025-05-27 00:49:35.301983,24025.9,24029.0
2025-05-27 00:49:39.013182,24027.9,24030.0
2025-05-27 00:49:39.512289,24027.7,24029.2
2025-05-27 00:49:41.501886,24027.9,24030.0
2025-05-27 00:49:44.723834,24027.9,24031.0
2025-05-27 00:50:10.924070,24027.7,24029.2
2025-05-27 00:50:11.997167,24027.9,24030.0
2025-05-27 00:50:14.442761,24028.7,24030.2
2025-05-27 00:50:18.377378,24028.9,24031.0
2025-05-27 00:50:45.708404,24028.7,24030.2
2025-05-27 00:50:51.987695,24028.9,24031.0
2025-05-27 00:50:58.120553,24029.7,24031.2
2025-05-27 00:51:02.079704,24030.2,24031.7
2025-05-27 00:51:04.251772,24029.7,24031.2
2025-05-27 00:51:06.673452,24030.2,24031.7
2025-05-27 00:51:10.044175,24029.7,24031.2
2025-05-27 00:51:31.432961,24030.2,24031.7
2025-05-27 00:51:32.096932,24029.7,24031.2
2025-05-27 00:51:35.438467,24030.2,24031.7
2025-05-27 00:51:36.050360,24029.7,24031.2
2025-05-27 00:51:38.502649,24029.2,24030.7
2025-05-27 00:51:42.106671,24030.2,24031.7
2025-05-27 00:51:47.041904,24031.7,24033.2
2025-05-27 00:51:47.253061,24033.2,24034.7
2025-05-27 00:52:00.778696,24033.9,24036.0
2025-05-27 00:52:09.645515,24034.2,24035.7
2025-05-27 00:52:09.982961,24033.7,24035.2
2025-05-27 00:52:14.036024,24032.9,24035.0
2025-05-27 00:52:19.424216,24034.2,24035.7
2025-05-27 00:52:24.432737,24034.7,24036.2
2025-05-27 00:52:26.514605,24035.2,24036.7
2025-05-27 00:52:27.152497,24035.9,24038.0
2025-05-27 00:52:29.132131,24035.7,24037.2
2025-05-27 00:52:30.290249,24034.9,24037.0
2025-05-27 00:52:33.863486,24035.7,24037.2
2025-05-27 00:52:35.408125,24034.9,24037.0
2025-05-27 00:52:43.204492,24035.7,24037.2
2025-05-27 00:52:45.788855,24034.9,24037.0
2025-05-27 00:52:47.887749,24036.2,24037.7
2025-05-27 00:52:50.182365,24036.9,24039.0
2025-05-27 00:53:05.027079,24037.7,24039.2
2025-05-27 00:53:10.560671,24037.9,24040.0
2025-05-27 00:53:11.563919,24040.2,24041.7
2025-05-27 00:53:15.073625,24039.9,24042.0
2025-05-27 00:53:17.171746,24040.7,24042.2
2025-05-27 00:53:26.558298,24039.9,24042.0
2025-05-27 00:53:26.842928,24039.7,24041.2
2025-05-27 00:53:27.129154,24039.2,24040.7
2025-05-27 00:53:29.464828,24038.7,24040.2
2025-05-27 00:53:34.120159,24038.2,24039.7
2025-05-27 00:53:34.887171,24038.9,24041.0
2025-05-27 00:53:48.191749,24039.7,24041.2
2025-05-27 00:53:50.633626,24040.2,24041.7
2025-05-27 00:53:55.049327,24040.7,24042.2
2025-05-27 00:53:59.286916,24042.2,24043.7
2025-05-27 00:54:02.111720,24042.9,24045.0
2025-05-27 00:54:03.792737,24043.7,24045.2
2025-05-27 00:54:09.607614,24041.9,24044.0
2025-05-27 00:54:10.254072,24041.9,24045.0
2025-05-27 00:54:11.261068,24040.7,24042.2
2025-05-27 00:54:22.000111,24042.9,24045.0
2025-05-27 00:54:22.419701,24042.9,24046.0
2025-05-27 00:54:26.717804,24042.2,24043.7
2025-05-27 00:54:31.785873,24042.7,24044.2
2025-05-27 00:54:32.195578,24041.9,24044.0
2025-05-27 00:55:00.832235,24041.7,24043.2
2025-05-27 00:55:02.667301,24040.9,24043.0
2025-05-27 00:55:05.919867,24040.7,24042.2
2025-05-27 00:55:10.052861,24040.9,24043.0
2025-05-27 00:55:16.738733,24041.9,24044.0
2025-05-27 00:55:20.545775,24041.7,24043.2
2025-05-27 00:55:22.177623,24040.9,24043.0
2025-05-27 00:55:30.940440,24041.7,24043.2
2025-05-27 00:55:35.797759,24040.7,24042.2
2025-05-27 00:55:36.143027,24040.2,24041.7
2025-05-27 00:55:41.754246,24040.7,24042.2
2025-05-27 00:55:45.653404,24040.2,24041.7
2025-05-27 00:56:01.271575,24040.9,24043.0
2025-05-27 00:56:57.626980,24041.9,24045.0
2025-05-27 00:56:58.901249,24041.9,24044.0
2025-05-27 00:57:01.617125,24041.9,24045.0
2025-05-27 00:57:08.547421,24041.9,24044.0
2025-05-27 00:57:27.813272,24041.9,24045.0
2025-05-27 00:57:34.273317,24042.9,24045.0
2025-05-27 00:57:57.942719,24042.7,24044.2
2025-05-27 00:58:03.218246,24043.2,24044.7
2025-05-27 00:58:08.410044,24044.2,24045.7
2025-05-27 00:58:12.207975,24043.7,24045.2
2025-05-27 00:58:30.116338,24043.2,24044.7
2025-05-27 00:58:37.785966,24043.7,24045.2
2025-05-27 00:59:11.263047,24042.9,24045.0
2025-05-27 00:59:19.805257,24043.2,24044.7
2025-05-27 00:59:24.853171,24043.7,24045.2
2025-05-27 00:59:37.977257,24042.7,24044.2
2025-05-27 00:59:49.001620,24045.7,24047.2
2025-05-27 00:59:49.782228,24043.7,24045.2
2025-05-27 00:59:51.401672,24041.9,24045.0
2025-05-27 00:59:53.544465,24042.9,24045.0
2025-05-27 01:00:04.669462,24042.7,24044.2
2025-05-27 01:00:05.899130,24043.2,24044.7
2025-05-27 01:00:06.185176,24042.7,24044.2
2025-05-27 01:00:14.757315,24043.2,24044.7
2025-05-27 01:00:19.827353,24042.7,24044.2
2025-05-27 01:00:28.927083,24041.9,24044.0
2025-05-27 01:00:31.780791,24040.9,24043.0
2025-05-27 01:00:34.275683,24040.7,24042.2
2025-05-27 01:00:35.049446,24041.2,24042.7
2025-05-27 01:00:35.711502,24040.7,24042.2
2025-05-27 01:00:42.999393,24041.2,24042.7
2025-05-27 01:00:55.206535,24040.2,24041.7
2025-05-27 01:00:56.654244,24039.2,24040.7
2025-05-27 01:01:03.403505,24037.9,24040.0
2025-05-27 01:01:03.693208,24036.9,24040.0
2025-05-27 01:01:04.265487,24034.9,24040.0
2025-05-27 01:01:05.135963,24032.9,24040.0
2025-05-27 01:01:06.720473,24030.9,24040.0
2025-05-27 01:01:07.313284,24033.9,24040.0
2025-05-27 01:01:14.098830,24030.9,24040.0
2025-05-27 01:01:19.379624,24031.9,24040.0
2025-05-27 01:02:00.354500,24029.9,24039.1
2025-05-27 01:02:02.321279,24029.9,24037.0
2025-05-27 01:02:05.838107,24027.9,24036.0
2025-05-27 01:02:10.287148,24029.9,24036.0
2025-05-27 01:02:16.067099,24030.9,24036.0
2025-05-27 01:02:17.943645,24029.9,24036.0
2025-05-27 01:02:18.778787,24028.9,24036.0
2025-05-27 01:02:19.902374,24026.9,24036.0
2025-05-27 01:02:35.608371,24029.9,24036.0
2025-05-27 01:02:37.207794,24028.9,24036.0
2025-05-27 01:02:39.918761,24029.9,24036.0
2025-05-27 01:02:44.706805,24030.9,24036.0
2025-05-27 01:02:47.854839,24028.9,24036.0
2025-05-27 01:02:57.726439,24029.9,24035.0
2025-05-27 01:03:14.736769,24026.9,24034.0
2025-05-27 01:03:16.149908,24028.9,24034.0
2025-05-27 01:03:17.396978,24027.9,24034.0
2025-05-27 01:03:44.819326,24026.9,24033.0
2025-05-27 01:03:50.497703,24024.9,24032.0
2025-05-27 01:03:53.133172,24022.9,24032.0
2025-05-27 01:03:59.558302,24021.9,24031.1
2025-05-27 01:04:02.240024,24021.9,24031.0
2025-05-27 01:04:04.351750,24021.9,24030.0
2025-05-27 01:04:05.394370,24020.9,24028.0
2025-05-27 01:04:07.720724,24019.9,24028.0
2025-05-27 01:04:19.922949,24019.9,24027.0
2025-05-27 01:04:32.973985,24017.9,24025.0
2025-05-27 01:04:35.140334,24018.9,24024.0
2025-05-27 01:04:35.558947,24017.9,24022.0
2025-05-27 01:04:36.521956,24017.9,24021.0
2025-05-27 01:04:44.984935,24019.7,24021.2
2025-05-27 01:04:46.994981,24020.2,24021.7
2025-05-27 01:04:51.244182,24019.7,24021.2
2025-05-27 01:04:53.365950,24018.9,24021.0
2025-05-27 01:04:56.252721,24017.9,24021.0
2025-05-27 01:04:56.767019,24017.9,24020.0
2025-05-27 01:04:57.392917,24019.2,24020.7
2025-05-27 01:05:01.897942,24019.9,24022.0
2025-05-27 01:05:03.698754,24021.2,24022.7
2025-05-27 01:05:10.359228,24020.9,24024.0
2025-05-27 01:05:13.913541,24021.9,24025.0
2025-05-27 01:05:16.695291,24023.7,24025.2
2025-05-27 01:05:17.400127,24021.9,24027.0
2025-05-27 01:05:19.593703,24022.9,24027.0
2025-05-27 01:05:22.130932,24022.9,24025.0
2025-05-27 01:05:22.683166,24021.9,24025.0
2025-05-27 01:05:23.637756,24021.9,24024.0
2025-05-27 01:05:24.609419,24021.9,24026.0
2025-05-27 01:05:38.419476,24020.9,24025.0
2025-05-27 01:05:41.164316,24019.9,24025.0
2025-05-27 01:06:03.776977,24019.9,24024.0
2025-05-27 01:06:13.093901,24017.9,24023.0
2025-05-27 01:06:16.221642,24018.9,24023.0
2025-05-27 01:06:19.525370,24019.9,24023.0
2025-05-27 01:06:20.769447,24018.9,24023.0
2025-05-27 01:06:21.503570,24016.9,24023.0
2025-05-27 01:06:29.128587,24018.9,24023.0
2025-05-27 01:06:38.402090,24019.9,24023.0
2025-05-27 01:06:39.582465,24018.9,24023.0
2025-05-27 01:06:56.138442,24019.9,24023.0
2025-05-27 01:07:00.338852,24018.9,24023.0
2025-05-27 01:07:01.032786,24018.9,24022.0
2025-05-27 01:07:02.570448,24019.9,24023.0
2025-05-27 01:07:10.217166,24018.9,24023.0
2025-05-27 01:07:11.209051,24017.9,24021.0
2025-05-27 01:07:12.203642,24017.9,24020.0
2025-05-27 01:07:13.505456,24018.7,24020.2
2025-05-27 01:07:18.050140,24019.7,24021.2
2025-05-27 01:07:19.429232,24018.7,24020.2
2025-05-27 01:07:20.718649,24018.2,24019.7
2025-05-27 01:07:22.363658,24016.9,24019.0
2025-05-27 01:07:23.353810,24015.9,24019.0
2025-05-27 01:07:27.125379,24014.9,24018.0
2025-05-27 01:07:29.584294,24013.9,24017.0
2025-05-27 01:07:30.653410,24013.9,24016.0
2025-05-27 01:07:30.922948,24014.7,24016.2
2025-05-27 01:07:34.579947,24014.9,24018.0
2025-05-27 01:07:36.266857,24014.7,24016.2
2025-05-27 01:07:36.552086,24014.9,24018.0
2025-05-27 01:07:36.799894,24014.7,24016.2
2025-05-27 01:07:37.369834,24014.9,24017.0
2025-05-27 01:07:38.288114,24013.9,24017.0
2025-05-27 01:07:38.531029,24013.9,24016.0
2025-05-27 01:07:38.845652,24014.7,24016.2
2025-05-27 01:07:42.995288,24015.2,24016.7
2025-05-27 01:07:46.342935,24015.7,24017.2
2025-05-27 01:07:46.691695,24016.2,24017.7
2025-05-27 01:07:49.248889,24015.2,24016.7
2025-05-27 01:07:50.706522,24013.9,24016.0
2025-05-27 01:07:51.597708,24018.7,24020.2
2025-05-27 01:07:52.411350,24018.9,24021.0
2025-05-27 01:07:55.790079,24019.7,24021.2
2025-05-27 01:07:57.411962,24019.9,24022.0
2025-05-27 01:07:58.685346,24020.9,24023.0
2025-05-27 01:07:59.961100,24019.9,24023.0
2025-05-27 01:08:00.246961,24019.9,24022.0
2025-05-27 01:08:01.807730,24020.7,24022.2
2025-05-27 01:08:02.613577,24020.9,24023.0
2025-05-27 01:08:04.540778,24021.7,24023.2
2025-05-27 01:08:11.062500,24019.9,24022.0
2025-05-27 01:08:12.034160,24020.9,24023.0
2025-05-27 01:08:25.824908,24019.9,24023.0
2025-05-27 01:08:27.382449,24019.9,24022.0
2025-05-27 01:08:27.996468,24019.9,24023.0
2025-05-27 01:08:30.276145,24019.9,24024.0
2025-05-27 01:08:32.255319,24021.9,24024.0
2025-05-27 01:08:32.634950,24021.9,24025.0
2025-05-27 01:08:33.594943,24022.7,24024.2
2025-05-27 01:08:35.129550,24022.2,24023.7
2025-05-27 01:08:36.684874,24022.7,24024.2
2025-05-27 01:08:39.598005,24022.9,24025.0
2025-05-27 01:08:40.036722,24022.7,24024.2
2025-05-27 01:08:43.608690,24023.7,24025.2
2025-05-27 01:08:49.392547,24024.2,24025.7
2025-05-27 01:08:54.101798,24022.9,24025.0
2025-05-27 01:09:00.631896,24022.9,24028.0
2025-05-27 01:09:03.136664,24023.9,24029.0
2025-05-27 01:09:08.036216,24022.7,24024.2
2025-05-27 01:09:09.033324,24025.9,24029.0
2025-05-27 01:09:10.019070,24027.7,24029.2
2025-05-27 01:09:11.548750,24028.2,24029.7
2025-05-27 01:09:19.979692,24028.9,24032.0
2025-05-27 01:09:21.474901,24028.7,24030.2
2025-05-27 01:09:49.807473,24029.2,24030.7
2025-05-27 01:09:50.280350,24028.7,24030.2
2025-05-27 01:09:51.022581,24029.2,24030.7
2025-05-27 01:09:52.784472,24027.9,24030.0
2025-05-27 01:09:54.497482,24028.7,24030.2
2025-05-27 01:10:01.805200,24027.7,24029.2
2025-05-27 01:10:04.943195,24027.2,24028.7
2025-05-27 01:10:06.723106,24028.7,24030.2
2025-05-27 01:10:11.505101,24027.7,24029.2
2025-05-27 01:10:13.746600,24026.9,24029.0
2025-05-27 01:10:14.286345,24025.9,24029.0
2025-05-27 01:10:16.147828,24025.9,24028.0
2025-05-27 01:10:21.749565,24025.2,24026.7
2025-05-27 01:10:27.517169,24024.7,24026.2
2025-05-27 01:10:28.799679,24023.9,24026.0
2025-05-27 01:10:31.671443,24023.2,24024.7
2025-05-27 01:10:38.357661,24022.7,24024.2
2025-05-27 01:10:42.097981,24022.2,24023.7
2025-05-27 01:10:46.821496,24020.9,24023.0
2025-05-27 01:10:48.388021,24021.2,24022.7
2025-05-27 01:10:51.037001,24021.7,24023.2
2025-05-27 01:10:56.980027,24020.9,24023.0
2025-05-27 01:10:59.793338,24019.7,24021.2
2025-05-27 01:11:01.259238,24019.2,24020.7
2025-05-27 01:11:02.436236,24018.9,24021.0
2025-05-27 01:11:02.719113,24019.2,24020.7
2025-05-27 01:11:04.346327,24017.9,24021.0
2025-05-27 01:11:06.049780,24018.9,24021.0
2025-05-27 01:11:16.229413,24018.7,24020.2
2025-05-27 01:11:16.439512,24018.9,24021.0
2025-05-27 01:11:17.768444,24018.7,24020.2
2025-05-27 01:11:32.016770,24019.2,24020.7
2025-05-27 01:11:33.348056,24018.7,24020.2
2025-05-27 01:11:34.301823,24019.2,24020.7
2025-05-27 01:11:40.918038,24018.7,24020.2
2025-05-27 01:11:44.782917,24019.2,24020.7
2025-05-27 01:11:47.183577,24018.7,24020.2
2025-05-27 01:11:51.372469,24019.2,24020.7
2025-05-27 01:12:00.634878,24018.7,24020.2
2025-05-27 01:12:01.781433,24019.2,24020.7
2025-05-27 01:12:05.985293,24017.9,24020.0
2025-05-27 01:12:06.339716,24019.2,24020.7
2025-05-27 01:12:08.597183,24018.7,24020.2
2025-05-27 01:12:11.513645,24017.9,24020.0
2025-05-27 01:12:13.234929,24018.7,24020.2
2025-05-27 01:12:16.036275,24019.2,24020.7
2025-05-27 01:12:19.064432,24018.7,24020.2
2025-05-27 01:12:20.529723,24019.2,24020.7
2025-05-27 01:12:22.518347,24018.7,24020.2
2025-05-27 01:12:25.573097,24019.2,24020.7
2025-05-27 01:12:29.911614,24020.7,24022.2
2025-05-27 01:12:36.184006,24021.9,24024.0
2025-05-27 01:12:43.885688,24021.7,24023.2
2025-05-27 01:12:45.383919,24020.7,24022.2
2025-05-27 01:12:49.948154,24022.2,24023.7
2025-05-27 01:12:51.343446,24021.7,24023.2
2025-05-27 01:12:52.758661,24022.2,24023.7
2025-05-27 01:12:54.054729,24021.7,24023.2
2025-05-27 01:12:55.470430,24022.2,24023.7
2025-05-27 01:12:57.566374,24021.7,24023.2
2025-05-27 01:13:06.953374,24020.9,24023.0
2025-05-27 01:13:11.921640,24021.2,24022.7
2025-05-27 01:13:12.084633,24020.7,24022.2
2025-05-27 01:13:15.842229,24021.2,24022.7
2025-05-27 01:13:16.061458,24022.7,24024.2
2025-05-27 01:13:16.460086,24023.9,24027.0
2025-05-27 01:13:17.653037,24024.9,24027.0
2025-05-27 01:13:18.230646,24025.7,24027.2
2025-05-27 01:13:20.070673,24025.9,24029.0
2025-05-27 01:13:21.229230,24027.7,24029.2
2025-05-27 01:13:22.024273,24027.9,24030.0
2025-05-27 01:13:22.774463,24027.7,24029.2
2025-05-27 01:13:24.967575,24028.2,24029.7
2025-05-27 01:13:36.896647,24028.7,24030.2
2025-05-27 01:13:37.795029,24029.7,24031.2
2025-05-27 01:13:49.344029,24030.7,24032.2
2025-05-27 01:13:51.549672,24031.2,24032.7
2025-05-27 01:13:52.585483,24031.7,24033.2
2025-05-27 01:14:01.715874,24031.9,24035.0
2025-05-27 01:14:14.451637,24032.9,24035.0
2025-05-27 01:14:22.044164,24034.2,24035.7
2025-05-27 01:14:25.582491,24034.9,24037.0
2025-05-27 01:14:32.684294,24034.7,24036.2
2025-05-27 01:14:37.846829,24031.7,24033.2
2025-05-27 01:14:58.145163,24032.2,24033.7
2025-05-27 01:15:00.823968,24031.7,24033.2
2025-05-27 01:15:01.943384,24031.2,24032.7
2025-05-27 01:15:06.677135,24028.9,24032.0
2025-05-27 01:15:09.068930,24029.7,24031.2
2025-05-27 01:15:10.911557,24028.9,24031.0
2025-05-27 01:15:12.973106,24027.9,24030.0
2025-05-27 01:15:13.604402,24027.7,24029.2
2025-05-27 01:15:18.326440,24026.9,24029.0
2025-05-27 01:15:19.703335,24028.7,24030.2
2025-05-27 01:15:22.892966,24027.7,24029.2
2025-05-27 01:15:25.418187,24027.2,24028.7
2025-05-27 01:15:31.832419,24026.9,24029.0
2025-05-27 01:15:32.150903,24026.7,24028.2
2025-05-27 01:15:34.492603,24026.9,24029.0
2025-05-27 01:15:35.254200,24026.7,24028.2
2025-05-27 01:15:35.481970,24026.9,24030.0
2025-05-27 01:15:36.693355,24028.2,24029.7
2025-05-27 01:15:41.952634,24026.9,24029.0
2025-05-27 01:15:43.163091,24026.7,24028.2
2025-05-27 01:15:47.619496,24025.7,24027.2
2025-05-27 01:15:51.440897,24026.7,24028.2
2025-05-27 01:16:01.281036,24025.9,24028.0
2025-05-27 01:16:02.313139,24026.2,24027.7
2025-05-27 01:16:03.075038,24024.9,24027.0
2025-05-27 01:16:06.711861,24026.2,24027.7
2025-05-27 01:16:08.216942,24026.7,24028.2
2025-05-27 01:16:15.083888,24027.2,24028.7
2025-05-27 01:16:15.854987,24027.7,24029.2
2025-05-27 01:16:23.433060,24026.7,24028.2
2025-05-27 01:16:24.996756,24024.9,24028.0
2025-05-27 01:16:25.689530,24023.9,24027.0
2025-05-27 01:16:30.543074,24025.7,24027.2
2025-05-27 01:16:31.234764,24023.9,24027.0
2025-05-27 01:16:37.804182,24025.9,24028.0
2025-05-27 01:16:40.986935,24025.9,24029.0
2025-05-27 01:16:41.520403,24027.7,24029.2
2025-05-27 01:16:59.169431,24026.9,24029.0
2025-05-27 01:17:03.225909,24027.7,24029.2
2025-05-27 01:17:04.891679,24025.9,24028.0
2025-05-27 01:17:11.314435,24025.7,24027.2
2025-05-27 01:17:13.614284,24024.9,24027.0
2025-05-27 01:17:34.225037,24023.9,24027.0
2025-05-27 01:17:55.118924,24023.7,24025.2
2025-05-27 01:18:06.633303,24023.9,24026.0
2025-05-27 01:18:15.734161,24023.7,24025.2
2025-05-27 01:18:17.086987,24023.9,24026.0
2025-05-27 01:18:18.791648,24024.7,24026.2
2025-05-27 01:18:20.279157,24024.9,24027.0
2025-05-27 01:18:21.449440,24025.7,24027.2
2025-05-27 01:18:22.020797,24025.2,24026.7
2025-05-27 01:18:23.523914,24025.7,24027.2
2025-05-27 01:18:24.569472,24026.2,24027.7
2025-05-27 01:18:28.460486,24025.7,24027.2
2025-05-27 01:18:31.042248,24026.2,24027.7
2025-05-27 01:18:42.573739,24026.9,24029.0
2025-05-27 01:18:42.912229,24027.7,24029.2
2025-05-27 01:18:43.756459,24027.9,24030.0
2025-05-27 01:18:51.932492,24025.9,24030.0
2025-05-27 01:18:54.198490,24026.9,24029.0
2025-05-27 01:18:56.473267,24027.7,24029.2
2025-05-27 01:18:57.484314,24028.7,24030.2
2025-05-27 01:18:58.249168,24027.9,24030.0
2025-05-27 01:18:59.312085,24028.7,24030.2
2025-05-27 01:19:00.343061,24027.9,24030.0
2025-05-27 01:19:02.381443,24026.7,24028.2
2025-05-27 01:19:04.000702,24026.9,24029.0
2025-05-27 01:19:11.294870,24027.7,24029.2
2025-05-27 01:19:13.068626,24028.7,24030.2
2025-05-27 01:19:16.102781,24028.9,24031.0
2025-05-27 01:19:17.790838,24028.7,24030.2
2025-05-27 01:19:20.065543,24027.9,24030.0
2025-05-27 01:19:24.874323,24028.7,24030.2
2025-05-27 01:19:26.027375,24027.7,24029.2
2025-05-27 01:19:35.226685,24025.9,24029.0
2025-05-27 01:19:52.876710,24025.7,24027.2
2025-05-27 01:19:53.491117,24026.7,24028.2
2025-05-27 01:19:55.934798,24025.9,24028.0
2025-05-27 01:19:56.679745,24025.7,24027.2
2025-05-27 01:19:57.928961,24024.9,24027.0
2025-05-27 01:19:58.994025,24023.9,24026.0
2025-05-27 01:19:59.998972,24022.9,24026.0
2025-05-27 01:20:00.203476,24022.9,24025.0
2025-05-27 01:20:01.168384,24023.7,24025.2
2025-05-27 01:20:01.741477,24023.9,24026.0
2025-05-27 01:20:04.624702,24023.9,24028.0
2025-05-27 01:20:07.136124,24025.7,24027.2
2025-05-27 01:20:09.467076,24023.9,24027.0
2025-05-27 01:20:09.861262,24024.9,24027.0
2025-05-27 01:20:25.623765,24024.7,24026.2
2025-05-27 01:20:28.485080,24023.9,24026.0
2025-05-27 01:20:31.783084,24024.7,24026.2
2025-05-27 01:20:54.086585,24022.9,24026.0
2025-05-27 01:20:54.794222,24024.7,24026.2
2025-05-27 01:20:57.671277,24023.9,24026.0
2025-05-27 01:21:02.295775,24024.7,24026.2
2025-05-27 01:21:04.601852,24023.9,24026.0
2025-05-27 01:21:18.519138,24024.9,24027.0
2025-05-27 01:21:29.134885,24024.7,24026.2
2025-05-27 01:21:29.804188,24024.9,24027.0
2025-05-27 01:21:51.749068,24024.7,24026.2
2025-05-27 01:21:52.201371,24024.9,24027.0
2025-05-27 01:22:20.802858,24024.9,24028.0
2025-05-27 01:22:22.145724,24025.9,24028.0
2025-05-27 01:22:31.217717,24027.7,24029.2
2025-05-27 01:22:40.086505,24027.2,24028.7
2025-05-27 01:22:40.652162,24026.7,24028.2
2025-05-27 01:22:41.040198,24027.2,24028.7
2025-05-27 01:22:51.887016,24026.2,24027.7
2025-05-27 01:22:53.157222,24025.7,24027.2
2025-05-27 01:22:53.902911,24025.2,24026.7
2025-05-27 01:22:57.747873,24024.7,24026.2
2025-05-27 01:22:58.530668,24024.2,24025.7
2025-05-27 01:23:01.447993,24023.7,24025.2
2025-05-27 01:23:10.224211,24024.7,24026.2
2025-05-27 01:23:10.994249,24024.9,24027.0
2025-05-27 01:23:12.376963,24021.9,24025.0
2025-05-27 01:23:13.335288,24022.9,24025.0
2025-05-27 01:23:20.103745,24023.7,24025.2
2025-05-27 01:23:21.059498,24023.9,24026.0
2025-05-27 01:23:21.659994,24023.7,24025.2
2025-05-27 01:23:31.453136,24023.9,24027.0
2025-05-27 01:23:33.888846,24023.7,24025.2
2025-05-27 01:23:34.059773,24022.7,24024.2
2025-05-27 01:23:35.572173,24023.7,24025.2
2025-05-27 01:23:35.962732,24024.2,24025.7
2025-05-27 01:23:41.434284,24024.9,24027.0
2025-05-27 01:23:43.174307,24023.9,24026.0
2025-05-27 01:23:43.542250,24024.7,24026.2
2025-05-27 01:23:47.358178,24023.9,24026.0
2025-05-27 01:23:52.181747,24025.2,24026.7
2025-05-27 01:23:52.571449,24022.9,24026.0
2025-05-27 01:24:00.628559,24021.9,24024.0
2025-05-27 01:24:01.696259,24021.7,24023.2
2025-05-27 01:24:04.360995,24021.2,24022.7
2025-05-27 01:24:05.238692,24022.7,24024.2
2025-05-27 01:24:07.810165,24022.9,24025.0
2025-05-27 01:24:08.558446,24023.7,24025.2
2025-05-27 01:24:11.769108,24022.9,24025.0
2025-05-27 01:24:11.885002,24022.7,24024.2
2025-05-27 01:24:15.693569,24022.9,24025.0
2025-05-27 01:24:17.309948,24024.2,24025.7
2025-05-27 01:24:17.871876,24023.9,24027.0
2025-05-27 01:24:26.443052,24024.7,24026.2
2025-05-27 01:24:29.425378,24024.9,24027.0
2025-05-27 01:24:33.070399,24025.7,24027.2
2025-05-27 01:24:44.051600,24026.2,24027.7
2025-05-27 01:24:47.007561,24026.9,24029.0
2025-05-27 01:24:50.100318,24027.9,24030.0
2025-05-27 01:24:50.800184,24027.2,24028.7
2025-05-27 01:24:56.063858,24026.9,24029.0
2025-05-27 01:24:57.619923,24027.7,24029.2
2025-05-27 01:24:59.693146,24026.9,24029.0
2025-05-27 01:25:01.621735,24027.7,24029.2
2025-05-27 01:25:03.692869,24028.7,24030.2
2025-05-27 01:25:05.813162,24028.2,24029.7
2025-05-27 01:25:06.229166,24026.9,24030.0
2025-05-27 01:25:06.896367,24027.7,24029.2
2025-05-27 01:25:08.225318,24028.7,24030.2
2025-05-27 01:25:23.049043,24029.2,24030.7
2025-05-27 01:25:36.372678,24028.2,24029.7
2025-05-27 01:25:37.511993,24029.2,24030.7
2025-05-27 01:25:39.777634,24029.7,24031.2
2025-05-27 01:25:44.158223,24028.9,24031.0
2025-05-27 01:25:45.770705,24028.7,24030.2
2025-05-27 01:25:52.403158,24028.9,24031.0
2025-05-27 01:25:53.068477,24028.7,24030.2
2025-05-27 01:25:54.584714,24029.2,24030.7
2025-05-27 01:26:00.711448,24028.9,24031.0
2025-05-27 01:26:01.487730,24027.9,24031.0
2025-05-27 01:26:03.627037,24028.9,24031.0
2025-05-27 01:26:08.084200,24027.9,24031.0
2025-05-27 01:26:08.216042,24029.2,24030.7
2025-05-27 01:26:08.953033,24027.7,24029.2
2025-05-27 01:26:09.275394,24027.2,24028.7
2025-05-27 01:26:17.391239,24027.7,24029.2
2025-05-27 01:26:19.922831,24027.2,24028.7
2025-05-27 01:26:20.461561,24026.7,24028.2
2025-05-27 01:26:22.596563,24027.7,24029.2
2025-05-27 01:26:26.174090,24026.9,24029.0
2025-05-27 01:26:32.652681,24028.2,24029.7
2025-05-27 01:26:35.878607,24027.7,24029.2
2025-05-27 01:26:40.344372,24026.9,24029.0
2025-05-27 01:26:44.602702,24028.2,24029.7
2025-05-27 01:26:54.079118,24026.9,24029.0
2025-05-27 01:26:56.531643,24027.2,24028.7
2025-05-27 01:27:02.557575,24025.9,24028.0
2025-05-27 01:27:04.055313,24026.7,24028.2
2025-05-27 01:27:26.786806,24025.9,24028.0
2025-05-27 01:27:30.176092,24026.7,24028.2
2025-05-27 01:27:41.930239,24025.9,24028.0
2025-05-27 01:27:43.494933,24024.9,24027.0
2025-05-27 01:27:47.072142,24025.7,24027.2
2025-05-27 01:28:00.327597,24024.9,24027.0
2025-05-27 01:28:02.852180,24025.9,24029.0
2025-05-27 01:28:08.670804,24026.7,24028.2
2025-05-27 01:28:12.593857,24027.2,24028.7
2025-05-27 01:28:13.668261,24026.9,24029.0
2025-05-27 01:28:17.596570,24027.7,24029.2
2025-05-27 01:28:19.130444,24026.9,24029.0
2025-05-27 01:28:23.359358,24027.7,24029.2
2025-05-27 01:28:26.872314,24026.9,24029.0
2025-05-27 01:28:31.692743,24026.7,24028.2
2025-05-27 01:28:33.121276,24026.9,24029.0
2025-05-27 01:28:41.699944,24027.7,24029.2
2025-05-27 01:28:42.858462,24026.9,24029.0
2025-05-27 01:28:43.153740,24027.7,24029.2
2025-05-27 01:28:47.058900,24025.9,24029.0
2025-05-27 01:28:48.730790,24027.7,24029.2
2025-05-27 01:28:52.110618,24026.7,24028.2
2025-05-27 01:28:54.804734,24027.7,24029.2
2025-05-27 01:29:02.079422,24026.9,24029.0
2025-05-27 01:29:02.966586,24027.7,24029.2
2025-05-27 01:29:04.458443,24027.9,24030.0
2025-05-27 01:29:13.188498,24028.9,24031.0
2025-05-27 01:29:14.986977,24030.7,24032.2
2025-05-27 01:29:16.139779,24030.9,24033.0
2025-05-27 01:29:20.875327,24030.7,24032.2
2025-05-27 01:29:27.876531,24031.2,24032.7
2025-05-27 01:29:29.198658,24030.9,24033.0
2025-05-27 01:29:30.603385,24030.7,24032.2
2025-05-27 01:29:32.818240,24030.9,24033.0
2025-05-27 01:29:37.760101,24030.7,24032.2
2025-05-27 01:29:39.882406,24031.2,24032.7
2025-05-27 01:29:42.469047,24031.9,24034.0
2025-05-27 01:29:45.752345,24032.7,24034.2
2025-05-27 01:29:46.464538,24031.9,24034.0
2025-05-27 01:29:55.409385,24031.7,24033.2
2025-05-27 01:29:59.082834,24031.9,24034.0
2025-05-27 01:30:00.209160,24031.7,24033.2
2025-05-27 01:30:00.470427,24032.7,24034.2
2025-05-27 01:30:01.956030,24031.7,24033.2
2025-05-27 01:30:02.880549,24030.9,24033.0
2025-05-27 01:30:07.278039,24029.9,24033.0
2025-05-27 01:30:10.365004,24029.9,24032.0
2025-05-27 01:30:14.693301,24030.9,24033.0
2025-05-27 01:30:17.270761,24029.9,24032.0
2025-05-27 01:30:17.497735,24030.7,24032.2
2025-05-27 01:30:18.860267,24030.9,24033.0
2025-05-27 01:30:20.206810,24030.9,24034.0
2025-05-27 01:30:21.019205,24031.7,24033.2
2025-05-27 01:30:21.635876,24031.9,24034.0
2025-05-27 01:30:22.624456,24033.2,24034.7
2025-05-27 01:30:24.765007,24033.7,24035.2
2025-05-27 01:30:25.505861,24034.7,24036.2
2025-05-27 01:30:27.565162,24033.9,24036.0
2025-05-27 01:30:31.819897,24034.7,24036.2
2025-05-27 01:30:36.558697,24033.9,24036.0
2025-05-27 01:30:39.480975,24033.7,24035.2
2025-05-27 01:30:44.282672,24033.2,24034.7
2025-05-27 01:30:48.623137,24034.2,24035.7
2025-05-27 01:30:50.066539,24034.7,24036.2
2025-05-27 01:30:56.696955,24034.9,24037.0
2025-05-27 01:30:59.593892,24035.7,24037.2
2025-05-27 01:31:00.348956,24034.9,24037.0
2025-05-27 01:31:01.059117,24034.7,24036.2
2025-05-27 01:31:03.626801,24033.7,24035.2
2025-05-27 01:31:04.825051,24034.2,24035.7
2025-05-27 01:31:07.964498,24034.9,24037.0
2025-05-27 01:31:14.945629,24035.7,24037.2
2025-05-27 01:31:16.500920,24036.2,24037.7
2025-05-27 01:31:18.031744,24036.9,24039.0
2025-05-27 01:31:19.537078,24036.7,24038.2
2025-05-27 01:31:23.116507,24035.9,24038.0
2025-05-27 01:31:24.446707,24037.2,24038.7
2025-05-27 01:31:26.944917,24036.9,24039.0
2025-05-27 01:31:37.555327,24036.7,24038.2
2025-05-27 01:31:41.507993,24036.9,24039.0
2025-05-27 01:31:44.949177,24037.7,24039.2
2025-05-27 01:31:45.463182,24038.7,24040.2
2025-05-27 01:31:55.111584,24038.9,24041.0
2025-05-27 01:31:55.721785,24039.7,24041.2
2025-05-27 01:32:01.840922,24038.9,24041.0
2025-05-27 01:32:03.154698,24038.2,24039.7
2025-05-27 01:32:06.028678,24038.7,24040.2
2025-05-27 01:32:11.880414,24038.9,24041.0
2025-05-27 01:32:12.879305,24039.7,24041.2
2025-05-27 01:32:17.084038,24038.9,24041.0
2025-05-27 01:32:17.634047,24036.9,24041.0
2025-05-27 01:32:25.762880,24037.9,24040.0
2025-05-27 01:32:32.984609,24036.9,24039.0
2025-05-27 01:32:35.481810,24036.9,24040.0
2025-05-27 01:32:39.074748,24036.9,24039.0
2025-05-27 01:32:40.369644,24036.7,24038.2
2025-05-27 01:32:40.620258,24035.9,24038.0
2025-05-27 01:32:58.093046,24036.7,24038.2
2025-05-27 01:32:58.875748,24035.9,24038.0
2025-05-27 01:32:59.311001,24036.7,24038.2
2025-05-27 01:33:01.064077,24033.9,24038.0
2025-05-27 01:33:02.116617,24034.9,24037.0
2025-05-27 01:33:11.219665,24034.7,24036.2
2025-05-27 01:33:11.641143,24034.9,24037.0
2025-05-27 01:33:13.585811,24035.7,24037.2
2025-05-27 01:33:14.828811,24036.2,24037.7
2025-05-27 01:33:17.292751,24036.9,24039.0
2025-05-27 01:33:18.768788,24035.9,24038.0
2025-05-27 01:33:21.658246,24034.9,24038.0
2025-05-27 01:33:22.719144,24034.9,24037.0
2025-05-27 01:33:36.119298,24034.7,24036.2
2025-05-27 01:33:36.843925,24033.9,24036.0
2025-05-27 01:33:38.159465,24034.7,24036.2
2025-05-27 01:33:38.892291,24034.2,24035.7
2025-05-27 01:33:39.666830,24033.9,24036.0
2025-05-27 01:33:41.786653,24034.7,24036.2
2025-05-27 01:33:48.712977,24033.9,24036.0
2025-05-27 01:33:50.238624,24033.7,24035.2
2025-05-27 01:33:53.443376,24031.9,24035.0
2025-05-27 01:33:59.988649,24033.7,24035.2
2025-05-27 01:34:00.572051,24032.9,24035.0
2025-05-27 01:34:05.931803,24032.7,24034.2
2025-05-27 01:34:37.142193,24032.9,24036.0
2025-05-27 01:34:56.826013,24033.7,24035.2
2025-05-27 01:34:59.252773,24031.9,24035.0
2025-05-27 01:35:06.800497,24032.7,24034.2
2025-05-27 01:35:07.204650,24027.9,24032.0
2025-05-27 01:35:07.789402,24026.9,24030.0
2025-05-27 01:35:12.277731,24026.9,24029.0
2025-05-27 01:35:13.416864,24025.9,24029.0
2025-05-27 01:35:13.705850,24025.9,24028.0
2025-05-27 01:35:14.600997,24024.9,24028.0
2025-05-27 01:35:15.703903,24024.9,24029.0
2025-05-27 01:35:16.114556,24024.9,24028.0
2025-05-27 01:35:16.336842,24024.9,24029.0
2025-05-27 01:35:20.114035,24024.9,24028.0
2025-05-27 01:35:24.824670,24024.9,24029.0
2025-05-27 01:35:27.544864,24025.9,24029.0
2025-05-27 01:35:28.427070,24027.9,24030.0
2025-05-27 01:35:29.976181,24027.7,24029.2
2025-05-27 01:35:33.051919,24027.9,24030.0
2025-05-27 01:35:38.091535,24027.7,24029.2
2025-05-27 01:35:39.550045,24026.9,24029.0
2025-05-27 01:35:41.104757,24025.9,24029.0
2025-05-27 01:35:42.088161,24026.9,24029.0
2025-05-27 01:35:50.844251,24025.9,24029.0
2025-05-27 01:35:54.011334,24026.9,24029.0
2025-05-27 01:35:55.310195,24025.9,24029.0
2025-05-27 01:36:01.825434,24025.9,24028.0
2025-05-27 01:36:04.986889,24023.9,24027.0
2025-05-27 01:36:07.789965,24024.9,24027.0
2025-05-27 01:36:08.980766,24023.9,24027.0
2025-05-27 01:36:09.446524,24024.9,24027.0
2025-05-27 01:36:11.219895,24024.7,24026.2
2025-05-27 01:36:17.687813,24022.9,24026.0
2025-05-27 01:36:24.172696,24024.7,24026.2
2025-05-27 01:36:29.469404,24025.9,24028.0
2025-05-27 01:36:31.973793,24026.9,24029.0
2025-05-27 01:36:35.159037,24025.9,24028.0
2025-05-27 01:36:36.158111,24024.7,24026.2
2025-05-27 01:36:49.460941,24024.9,24027.0
2025-05-27 01:36:52.495009,24024.7,24026.2
2025-05-27 01:36:53.274041,24022.9,24026.0
2025-05-27 01:37:02.266757,24022.9,24025.0
2025-05-27 01:37:03.702861,24021.9,24024.0
2025-05-27 01:37:06.119326,24022.7,24024.2
2025-05-27 01:37:08.843868,24023.9,24026.0
2025-05-27 01:37:13.622913,24022.9,24026.0
2025-05-27 01:37:22.031929,24021.9,24026.0
2025-05-27 01:37:23.348174,24021.9,24024.0
2025-05-27 01:37:24.028421,24022.7,24024.2
2025-05-27 01:37:24.394488,24022.9,24025.0
2025-05-27 01:37:35.343732,24022.9,24026.0
2025-05-27 01:37:37.238668,24023.9,24026.0
2025-05-27 01:37:59.153508,24022.9,24026.0
2025-05-27 01:38:00.284154,24021.9,24025.0
2025-05-27 01:38:03.661939,24022.9,24025.0
2025-05-27 01:38:04.261283,24021.9,24025.0
2025-05-27 01:38:04.624894,24021.9,24024.0
2025-05-27 01:38:07.163048,24021.7,24023.2
2025-05-27 01:38:07.945072,24020.9,24023.0
2025-05-27 01:38:10.764935,24021.7,24023.2
2025-05-27 01:38:14.589800,24021.9,24024.0
2025-05-27 01:38:15.346013,24021.7,24023.2
2025-05-27 01:38:16.097038,24022.7,24024.2
2025-05-27 01:38:16.180244,24021.9,24024.0
2025-05-27 01:38:17.525432,24022.7,24024.2
2025-05-27 01:38:19.780106,24020.9,24024.0
2025-05-27 01:38:26.095534,24022.7,24024.2
2025-05-27 01:38:26.237637,24023.7,24025.2
2025-05-27 01:38:33.392589,24021.9,24025.0
2025-05-27 01:38:35.281473,24022.7,24024.2
2025-05-27 01:39:06.190137,24022.9,24025.0
2025-05-27 01:39:18.383251,24022.7,24024.2
2025-05-27 01:39:42.006247,24021.9,24024.0
2025-05-27 01:39:42.219488,24022.7,24024.2
2025-05-27 01:39:43.278416,24021.9,24024.0
2025-05-27 01:40:00.645797,24019.9,24024.0
2025-05-27 01:40:02.934895,24021.9,24024.0
2025-05-27 01:40:23.700342,24022.7,24024.2
2025-05-27 01:40:27.736049,24021.9,24025.0
2025-05-27 01:40:33.586731,24022.9,24025.0
2025-05-27 01:40:35.871467,24023.7,24025.2
2025-05-27 01:40:36.896880,24022.9,24025.0
2025-05-27 01:40:39.905994,24022.9,24026.0
2025-05-27 01:40:42.143945,24022.9,24025.0
2025-05-27 01:40:57.628498,24022.9,24026.0
2025-05-27 01:41:10.780749,24021.9,24025.0
2025-05-27 01:41:10.985545,24020.7,24022.2
2025-05-27 01:41:11.666169,24020.2,24021.7
2025-05-27 01:41:14.938067,24019.7,24021.2
2025-05-27 01:41:19.392478,24019.9,24022.0
2025-05-27 01:41:22.747842,24020.7,24022.2
2025-05-27 01:41:30.071782,24019.9,24022.0
2025-05-27 01:41:31.584382,24020.7,24022.2
2025-05-27 01:41:32.973046,24020.9,24023.0
2025-05-27 01:41:33.198905,24021.7,24023.2
2025-05-27 01:41:35.297781,24021.9,24024.0
2025-05-27 01:41:37.823428,24021.7,24023.2
2025-05-27 01:41:38.543549,24020.9,24023.0
2025-05-27 01:41:42.775716,24020.2,24021.7
2025-05-27 01:42:01.796558,24019.2,24020.7
2025-05-27 01:42:04.569606,24018.9,24021.0
2025-05-27 01:42:04.818272,24019.2,24020.7
2025-05-27 01:42:05.131930,24018.9,24021.0
2025-05-27 01:42:08.710257,24018.7,24020.2
2025-05-27 01:42:15.577264,24017.9,24020.0
2025-05-27 01:42:16.648809,24018.7,24020.2
2025-05-27 01:42:16.730163,24018.9,24021.0
2025-05-27 01:42:21.339109,24018.7,24020.2
2025-05-27 01:42:22.801802,24018.9,24021.0
2025-05-27 01:42:26.058677,24017.9,24020.0
2025-05-27 01:42:34.599324,24018.7,24020.2
2025-05-27 01:42:44.607906,24017.9,24020.0
2025-05-27 01:42:48.787806,24018.7,24020.2
2025-05-27 01:42:55.742464,24017.9,24020.0
2025-05-27 01:43:05.392677,24018.7,24020.2
2025-05-27 01:43:07.509467,24018.9,24021.0
2025-05-27 01:43:16.940332,24018.7,24020.2
2025-05-27 01:43:19.581784,24018.9,24021.0
2025-05-27 01:43:21.372711,24018.7,24020.2
2025-05-27 01:43:26.358104,24018.9,24021.0
2025-05-27 01:43:35.692843,24019.7,24021.2
2025-05-27 01:43:37.752237,24018.7,24020.2
2025-05-27 01:43:38.401783,24017.9,24020.0
2025-05-27 01:43:40.676797,24014.9,24017.0
2025-05-27 01:43:42.250786,24015.9,24018.0
2025-05-27 01:43:48.410907,24014.9,24017.0
2025-05-27 01:43:51.155337,24014.9,24018.0
2025-05-27 01:43:54.499725,24016.9,24019.0
2025-05-27 01:44:03.688929,24016.7,24018.2
2025-05-27 01:44:09.656921,24015.9,24018.0
2025-05-27 01:44:25.458575,24016.2,24017.7
2025-05-27 01:44:27.200997,24015.7,24017.2
2025-05-27 01:44:32.179391,24015.2,24016.7
2025-05-27 01:44:32.843071,24013.9,24017.0
2025-05-27 01:44:42.402833,24014.9,24017.0
2025-05-27 01:44:43.576926,24014.2,24015.7
2025-05-27 01:44:45.082727,24013.9,24016.0
2025-05-27 01:44:45.382689,24012.7,24014.2
2025-05-27 01:44:45.877795,24013.7,24015.2
2025-05-27 01:44:47.322981,24012.7,24014.2
2025-05-27 01:44:54.098760,24012.9,24015.0
2025-05-27 01:44:59.064966,24011.9,24015.0
2025-05-27 01:45:01.719393,24012.7,24014.2
2025-05-27 01:45:03.347908,24012.9,24015.0
2025-05-27 01:45:08.577082,24011.9,24014.0
2025-05-27 01:45:12.618083,24012.7,24014.2
2025-05-27 01:45:15.313274,24011.9,24014.0
2025-05-27 01:45:15.703637,24012.7,24014.2
2025-05-27 01:45:16.240566,24011.9,24014.0
2025-05-27 01:45:17.835451,24010.9,24013.0
2025-05-27 01:45:20.689582,24011.7,24013.2
2025-05-27 01:45:24.983492,24010.9,24013.0
2025-05-27 01:45:25.724152,24011.7,24013.2
2025-05-27 01:45:29.437255,24010.9,24013.0
2025-05-27 01:45:30.517307,24011.7,24013.2
2025-05-27 01:45:33.629328,24010.9,24013.0
2025-05-27 01:45:34.645222,24011.7,24013.2
2025-05-27 01:45:37.069704,24010.9,24013.0
2025-05-27 01:45:42.215724,24010.7,24012.2
2025-05-27 01:45:42.496715,24008.7,24010.2
2025-05-27 01:45:44.677830,24007.9,24010.0
2025-05-27 01:45:48.452733,24008.7,24010.2
2025-05-27 01:45:50.310849,24008.9,24011.0
2025-05-27 01:45:53.842694,24007.9,24010.0
2025-05-27 01:46:01.427913,24007.7,24009.2
2025-05-27 01:46:04.318343,24007.9,24010.0
2025-05-27 01:46:05.194098,24008.7,24010.2
2025-05-27 01:46:05.529744,24007.9,24010.0
2025-05-27 01:46:09.312461,24007.7,24009.2
2025-05-27 01:46:11.411787,24007.9,24012.0
2025-05-27 01:46:15.233631,24007.7,24009.2
2025-05-27 01:46:18.246292,24006.7,24008.2
2025-05-27 01:46:18.554218,24006.9,24009.0
2025-05-27 01:46:21.602584,24006.7,24008.2
2025-05-27 01:46:24.787933,24007.9,24010.0
2025-05-27 01:46:29.395413,24006.9,24010.0
2025-05-27 01:46:29.808233,24007.9,24010.0
2025-05-27 01:46:34.770374,24007.9,24011.0
2025-05-27 01:46:42.046566,24007.9,24010.0
2025-05-27 01:46:45.549878,24007.9,24011.0
2025-05-27 01:46:46.333385,24009.9,24013.0
2025-05-27 01:46:47.057724,24011.7,24013.2
2025-05-27 01:46:56.386166,24010.9,24013.0
2025-05-27 01:46:58.069728,24011.7,24013.2
2025-05-27 01:46:58.899066,24010.9,24013.0
2025-05-27 01:47:00.287111,24011.7,24013.2
2025-05-27 01:47:01.883601,24010.9,24013.0
2025-05-27 01:47:05.028433,24009.9,24013.0
2025-05-27 01:47:05.730390,24009.7,24011.2
2025-05-27 01:47:10.699667,24009.9,24012.0
2025-05-27 01:47:15.628604,24010.7,24012.2
2025-05-27 01:47:19.606560,24009.9,24012.0
2025-05-27 01:47:20.341927,24010.7,24012.2
2025-05-27 01:47:32.575446,24011.2,24012.7
2025-05-27 01:47:33.064744,24010.7,24012.2
2025-05-27 01:47:36.661957,24011.2,24012.7
2025-05-27 01:47:38.120970,24011.9,24014.0
2025-05-27 01:47:42.457582,24012.7,24014.2
2025-05-27 01:47:44.822265,24011.9,24014.0
2025-05-27 01:48:03.280290,24012.7,24014.2
2025-05-27 01:48:03.679175,24010.9,24014.0
2025-05-27 01:48:04.434067,24012.7,24014.2
2025-05-27 01:48:09.688277,24011.9,24014.0
2025-05-27 01:48:22.424573,24010.9,24014.0
2025-05-27 01:48:22.795516,24010.7,24012.2
2025-05-27 01:48:27.150213,24009.9,24012.0
2025-05-27 01:48:27.818009,24010.7,24012.2
2025-05-27 01:48:30.269458,24009.9,24012.0
2025-05-27 01:48:31.788786,24010.7,24012.2
2025-05-27 01:48:35.266695,24009.9,24012.0
2025-05-27 01:48:39.463091,24010.7,24012.2
2025-05-27 01:48:40.219618,24009.9,24012.0
2025-05-27 01:48:47.687719,24010.7,24012.2
2025-05-27 01:48:57.903951,24009.9,24012.0
2025-05-27 01:48:58.127247,24010.7,24012.2
2025-05-27 01:49:02.947789,24009.9,24012.0
2025-05-27 01:49:06.896666,24010.7,24012.2
2025-05-27 01:49:08.136621,24009.9,24012.0
2025-05-27 01:49:08.579578,24010.7,24012.2
2025-05-27 01:49:16.386325,24008.9,24012.0
2025-05-27 01:49:16.908832,24008.7,24010.2
2025-05-27 01:49:26.557227,24009.2,24010.7
2025-05-27 01:49:27.250060,24010.2,24011.7
2025-05-27 01:49:27.735905,24009.7,24011.2
2025-05-27 01:49:30.431058,24010.9,24013.0
2025-05-27 01:49:45.821253,24011.7,24013.2
2025-05-27 01:49:47.170840,24012.2,24013.7
2025-05-27 01:49:50.807395,24012.7,24014.2
2025-05-27 01:49:54.334431,24011.9,24014.0
2025-05-27 01:49:55.137958,24012.7,24014.2
2025-05-27 01:49:58.028374,24011.9,24014.0
2025-05-27 01:50:00.544450,24012.7,24014.2
2025-05-27 01:50:04.211676,24011.9,24014.0
2025-05-27 01:50:05.496727,24012.7,24014.2
2025-05-27 01:50:11.148535,24011.7,24013.2
2025-05-27 01:50:11.388748,24010.9,24013.0
2025-05-27 01:50:21.865641,24010.7,24012.2
2025-05-27 01:50:34.595082,24010.9,24013.0
2025-05-27 01:50:35.699788,24010.9,24014.0
2025-05-27 01:51:00.318951,24011.7,24013.2
2025-05-27 01:51:03.480813,24012.7,24014.2
2025-05-27 01:51:03.647872,24010.9,24014.0
2025-05-27 01:51:06.107360,24012.7,24014.2
2025-05-27 01:51:10.122032,24011.9,24014.0
2025-05-27 01:51:12.701312,24011.7,24013.2
2025-05-27 01:51:23.396798,24012.2,24013.7
2025-05-27 01:51:26.510441,24011.7,24013.2
2025-05-27 01:51:29.519494,24010.9,24013.0
2025-05-27 01:51:31.365645,24010.7,24012.2
2025-05-27 01:51:47.369033,24010.9,24013.0
2025-05-27 01:51:50.887756,24010.7,24012.2
2025-05-27 01:52:06.826215,24010.9,24013.0
2025-05-27 01:52:10.480894,24011.7,24013.2
2025-05-27 01:52:14.863833,24011.9,24014.0
2025-05-27 01:52:24.769785,24011.7,24013.2
2025-05-27 01:52:28.356525,24011.9,24014.0
2025-05-27 01:52:43.597422,24012.7,24014.2
2025-05-27 01:52:46.095458,24013.2,24014.7
2025-05-27 01:52:46.210619,24012.7,24014.2
2025-05-27 01:52:55.570201,24013.2,24014.7
2025-05-27 01:53:05.150444,24010.9,24014.0
2025-05-27 01:53:06.431947,24012.7,24014.2
2025-05-27 01:53:29.736357,24010.9,24014.0
2025-05-27 01:53:41.449493,24011.7,24013.2
2025-05-27 01:53:43.976652,24009.9,24013.0
2025-05-27 01:53:45.846940,24009.9,24012.0
2025-05-27 01:53:46.344193,24008.9,24012.0
2025-05-27 01:53:50.576808,24007.9,24012.0
2025-05-27 01:53:51.736074,24007.9,24010.0
2025-05-27 01:53:56.730650,24007.9,24011.0
2025-05-27 01:53:58.036882,24008.7,24010.2
2025-05-27 01:54:00.246364,24009.7,24011.2
2025-05-27 01:54:01.098377,24008.7,24010.2
2025-05-27 01:54:02.069123,24008.9,24012.0
2025-05-27 01:54:04.398143,24008.9,24011.0
2025-05-27 01:54:13.328620,24009.7,24011.2
2025-05-27 01:54:15.296753,24009.9,24012.0
2025-05-27 01:54:43.252479,24010.7,24012.2
2025-05-27 01:54:56.418978,24009.9,24012.0
2025-05-27 01:54:57.213453,24010.7,24012.2
2025-05-27 01:54:59.275249,24010.9,24013.0
2025-05-27 01:55:00.751971,24009.9,24013.0
2025-05-27 01:55:13.285790,24009.9,24012.0
2025-05-27 01:55:15.740811,24009.9,24013.0
2025-05-27 01:55:22.108145,24009.9,24012.0
2025-05-27 01:55:29.071771,24009.9,24013.0
2025-05-27 01:56:01.391752,24009.9,24015.0
2025-05-27 01:56:01.678727,24009.9,24014.0
2025-05-27 01:56:03.984063,24009.9,24012.0
2025-05-27 01:56:35.674530,24009.9,24013.0
2025-05-27 01:56:38.750487,24009.9,24015.0
2025-05-27 01:56:45.360048,24009.9,24013.0
2025-05-27 01:57:03.392689,24009.9,24014.0
2025-05-27 01:57:27.987469,24009.9,24013.0
2025-05-27 01:58:00.349683,24009.9,24016.0
2025-05-27 01:58:02.994008,24009.9,24013.0
2025-05-27 01:58:06.046610,24009.9,24015.0
2025-05-27 01:58:35.760917,24009.9,24013.0
2025-05-27 01:58:45.732089,24009.9,24012.0
2025-05-27 01:58:50.236643,24009.9,24013.0
2025-05-27 01:59:00.383674,24011.9,24015.0
2025-05-27 01:59:00.806948,24012.7,24014.2
2025-05-27 01:59:05.420150,24012.9,24015.0
2025-05-27 01:59:14.664728,24012.7,24014.2
2025-05-27 01:59:17.974646,24011.9,24014.0
2025-05-27 01:59:56.094815,24011.7,24013.2
2025-05-27 02:00:08.730308,24011.2,24012.7
2025-05-27 02:00:09.555070,24010.7,24012.2
2025-05-27 02:00:10.470076,24011.2,24012.7
2025-05-27 02:00:12.858032,24010.7,24012.2
2025-05-27 02:00:13.955753,24009.9,24012.0
2025-05-27 02:00:14.704980,24010.7,24012.2
2025-05-27 02:00:22.400521,24011.7,24013.2
2025-05-27 02:00:33.944826,24011.9,24015.0
2025-05-27 02:00:36.140018,24010.9,24014.0
2025-05-27 02:00:39.821224,24010.7,24012.2
2025-05-27 02:00:44.243823,24011.2,24012.7
2025-05-27 02:00:44.823658,24010.9,24013.0
2025-05-27 02:00:45.596395,24009.9,24013.0
2025-05-27 02:00:46.370764,24009.9,24012.0
2025-05-27 02:00:48.057985,24010.7,24012.2
2025-05-27 02:00:49.936037,24009.9,24012.0
2025-05-27 02:00:50.569238,24010.7,24012.2
2025-05-27 02:00:53.011894,24009.9,24012.0
2025-05-27 02:00:55.706498,24010.9,24013.0
2025-05-27 02:01:03.101240,24009.9,24012.0
2025-05-27 02:01:03.861563,24010.7,24012.2
2025-05-27 02:01:04.491598,24009.7,24011.2
2025-05-27 02:01:09.396681,24008.9,24011.0
2025-05-27 02:01:09.691253,24006.9,24009.0
2025-05-27 02:01:10.184683,24007.7,24009.2
2025-05-27 02:01:10.971804,24006.9,24009.0
2025-05-27 02:01:11.612138,24006.7,24008.2
2025-05-27 02:01:12.538668,24006.9,24009.0
2025-05-27 02:01:13.354807,24007.9,24011.0
2025-05-27 02:01:24.981801,24007.9,24013.0
2025-05-27 02:01:42.338895,24007.9,24014.0
2025-05-27 02:01:46.776795,24007.9,24015.0
2025-05-27 02:02:33.516115,24007.9,24017.0
2025-05-27 02:02:34.319823,24008.4,24017.6
2025-05-27 02:03:00.257517,24007.9,24016.0
2025-05-27 02:03:07.247867,24007.9,24015.0
2025-05-27 02:03:14.817860,24007.9,24017.0
2025-05-27 02:03:36.143700,24007.9,24016.0
2025-05-27 02:03:53.189380,24007.9,24015.0
2025-05-27 02:04:08.393105,24007.9,24016.0
2025-05-27 02:04:09.495503,24008.4,24017.6
2025-05-27 02:04:23.865590,24007.9,24016.0
2025-05-27 02:04:31.223757,24007.9,24014.0
2025-05-27 02:04:31.686298,24007.9,24013.0
2025-05-27 02:04:34.712973,24007.9,24014.0
2025-05-27 02:04:49.834562,24007.9,24013.0
2025-05-27 02:05:00.605285,24007.9,24012.0
2025-05-27 02:05:00.807029,24010.2,24011.7
2025-05-27 02:05:09.078860,24007.9,24011.0
2025-05-27 02:05:10.486593,24008.9,24011.0
2025-05-27 02:05:10.751634,24009.9,24013.0
2025-05-27 02:05:12.425903,24009.9,24012.0
2025-05-27 02:05:16.271357,24009.9,24013.0
2025-05-27 02:05:17.346406,24010.9,24013.0
2025-05-27 02:05:20.408410,24011.7,24013.2
2025-05-27 02:05:20.788740,24010.9,24014.0
2025-05-27 02:05:21.320626,24010.9,24013.0
2025-05-27 02:05:22.792484,24010.9,24014.0
2025-05-27 02:05:25.403222,24010.9,24013.0
2025-05-27 02:05:32.764585,24010.9,24016.0
2025-05-27 02:05:37.770132,24012.7,24014.2
2025-05-27 02:05:45.238828,24011.9,24015.0
2025-05-27 02:05:48.245231,24012.7,24014.2
2025-05-27 02:05:52.672468,24010.9,24015.0
2025-05-27 02:05:59.039924,24012.9,24015.0
2025-05-27 02:06:00.234228,24012.9,24016.0
2025-05-27 02:06:01.146332,24013.9,24016.0
2025-05-27 02:06:03.063450,24015.9,24018.0
2025-05-27 02:06:19.063924,24013.9,24017.0
2025-05-27 02:06:19.401978,24014.9,24018.0
2025-05-27 02:06:21.254013,24015.9,24018.0
2025-05-27 02:06:23.070762,24016.9,24020.0
2025-05-27 02:06:25.848633,24017.7,24019.2
2025-05-27 02:06:28.590621,24017.9,24020.0
2025-05-27 02:06:33.641875,24017.7,24019.2
2025-05-27 02:06:34.304650,24017.9,24020.0
2025-05-27 02:06:34.805063,24017.7,24019.2
2025-05-27 02:06:35.564417,24017.9,24020.0
2025-05-27 02:06:40.864762,24018.2,24019.7
2025-05-27 02:06:43.117597,24018.7,24020.2
2025-05-27 02:06:43.802717,24019.7,24021.2
2025-05-27 02:06:54.327413,24018.9,24021.0
2025-05-27 02:07:00.569041,24020.2,24021.7
2025-05-27 02:07:01.183785,24018.9,24021.0
2025-05-27 02:07:02.124561,24019.2,24020.7
2025-05-27 02:07:02.811916,24019.7,24021.2
2025-05-27 02:07:04.211504,24020.2,24021.7
2025-05-27 02:07:05.727788,24020.7,24022.2
2025-05-27 02:07:06.294692,24019.7,24021.2
2025-05-27 02:07:09.616480,24019.9,24023.0
2025-05-27 02:07:12.903386,24020.7,24022.2
2025-05-27 02:07:14.097054,24020.9,24023.0
2025-05-27 02:07:14.514597,24021.2,24022.7
2025-05-27 02:07:15.380064,24020.7,24022.2
2025-05-27 02:07:15.634217,24020.2,24021.7
2025-05-27 02:07:16.633435,24020.7,24022.2
2025-05-27 02:07:18.789584,24020.9,24023.0
2025-05-27 02:07:21.131261,24021.2,24022.7
2025-05-27 02:07:21.628824,24020.9,24023.0
2025-05-27 02:07:27.945497,24021.7,24023.2
2025-05-27 02:07:29.787965,24022.2,24023.7
2025-05-27 02:07:47.732198,24022.7,24024.2
2025-05-27 02:07:48.754558,24022.9,24025.0
2025-05-27 02:07:58.776447,24021.9,24024.0
2025-05-27 02:08:00.087911,24023.2,24024.7
2025-05-27 02:08:02.962108,24022.2,24023.7
2025-05-27 02:08:03.112066,24020.7,24022.2
2025-05-27 02:08:16.241365,24020.9,24024.0
2025-05-27 02:08:30.228541,24020.9,24025.0
2025-05-27 02:08:38.641074,24021.9,24025.0
2025-05-27 02:08:58.576328,24022.9,24026.0
2025-05-27 02:09:13.482849,24022.9,24027.0
2025-05-27 02:09:19.887286,24022.9,24025.0
2025-05-27 02:09:27.381541,24020.9,24024.0
2025-05-27 02:09:29.986111,24022.9,24025.0
