timestamp,bid,ask
2025-04-05 21:09:05.045118,66.28,66.32
2025-04-06 21:55:04.504291,66.28,66.32
2025-04-06 22:47:35.295059,66.28,66.32
2025-04-06 23:13:29.875793,66.28,66.32
2025-04-07 00:01:01.405550,66.28,66.32
2025-04-07 00:04:59.349514,63.13,63.21
2025-04-07 00:04:59.618699,63.17,63.21
2025-04-07 00:04:59.751492,63.16,63.21
2025-04-07 00:04:59.967778,63.16,63.2
2025-04-07 00:05:03.602731,63.15,63.19
2025-04-07 00:05:07.929219,63.16,63.2
2025-04-07 00:05:08.898114,63.17,63.21
2025-04-07 00:05:10.607340,63.18,63.22
2025-04-07 00:05:11.151849,63.17,63.21
2025-04-07 00:05:11.458946,63.18,63.22
2025-04-07 00:05:11.715956,63.2,63.24
2025-04-07 00:05:12.626135,63.21,63.25
2025-04-07 00:05:14.063496,63.2,63.24
2025-04-07 00:05:22.380876,63.19,63.23
2025-04-07 00:05:23.998358,63.2,63.24
2025-04-07 00:05:24.677425,63.19,63.23
2025-04-07 00:05:24.898455,63.2,63.24
2025-04-07 00:05:28.719989,63.19,63.23
2025-04-07 00:05:30.706052,63.2,63.24
2025-04-07 00:05:32.245283,63.19,63.23
2025-04-07 00:05:32.516151,63.18,63.22
2025-04-07 00:05:33.289259,63.19,63.23
2025-04-07 00:05:36.347491,63.2,63.24
2025-04-07 00:05:37.915152,63.19,63.23
2025-04-07 00:05:38.863417,63.2,63.24
2025-04-07 00:05:45.790469,63.21,63.25
2025-04-07 00:05:46.172245,63.24,63.28
2025-04-07 00:05:46.895342,63.25,63.29
2025-04-07 00:05:47.679345,63.24,63.28
2025-04-07 00:05:54.238012,63.25,63.29
2025-04-07 00:05:55.330250,63.24,63.28
2025-04-07 00:05:57.245171,63.23,63.27
2025-04-07 00:05:57.442711,63.22,63.26
2025-04-07 00:06:00.411227,63.21,63.25
2025-04-07 00:06:04.522427,63.22,63.26
2025-04-07 00:06:05.039292,63.31,63.35
2025-04-07 00:06:05.611734,63.3,63.34
2025-04-07 00:06:06.137117,63.31,63.35
2025-04-07 00:06:06.571327,63.32,63.36
2025-04-07 00:06:06.922655,63.31,63.35
2025-04-07 00:06:09.878599,63.3,63.34
2025-04-07 00:06:10.989246,63.28,63.32
2025-04-07 00:06:12.791421,63.27,63.31
2025-04-07 00:06:13.122044,63.28,63.32
2025-04-07 00:06:14.140520,63.27,63.31
2025-04-07 00:06:15.132227,63.26,63.3
2025-04-07 00:06:15.639679,63.24,63.28
2025-04-07 00:06:16.425899,63.23,63.27
2025-04-07 00:06:21.136023,63.22,63.26
2025-04-07 00:06:22.369388,63.23,63.27
2025-04-07 00:06:23.560489,63.22,63.26
2025-04-07 00:06:25.614891,63.23,63.27
2025-04-07 00:06:27.472022,63.24,63.28
2025-04-07 00:06:34.148858,63.22,63.26
2025-04-07 00:06:35.963026,63.2,63.24
2025-04-07 00:06:36.676364,63.22,63.26
2025-04-07 00:06:42.939379,63.21,63.25
2025-04-07 00:06:44.775192,63.2,63.24
2025-04-07 00:06:48.328157,63.19,63.23
2025-04-07 00:06:49.326154,63.18,63.22
2025-04-07 00:06:50.033157,63.17,63.21
2025-04-07 00:06:54.129569,63.18,63.22
2025-04-07 00:06:55.595718,63.19,63.23
2025-04-07 00:07:00.408893,63.23,63.27
2025-04-07 00:07:01.320045,63.22,63.26
2025-04-07 00:07:03.751011,63.21,63.25
2025-04-07 00:07:06.821372,63.22,63.26
2025-04-07 00:07:07.106669,63.24,63.28
2025-04-07 00:07:08.737382,63.23,63.27
2025-04-07 00:07:20.106947,63.24,63.28
2025-04-07 00:07:20.901217,63.23,63.27
2025-04-07 00:07:30.681592,63.22,63.26
2025-04-07 00:07:35.335818,63.21,63.25
2025-04-07 00:07:36.418417,63.22,63.26
2025-04-07 00:07:39.351320,63.23,63.27
2025-04-07 00:07:40.352576,63.22,63.26
2025-04-07 00:07:44.423930,63.23,63.27
2025-04-07 00:07:47.901601,63.25,63.29
2025-04-07 00:07:51.379420,63.24,63.28
2025-04-07 00:08:07.561260,63.23,63.27
2025-04-07 00:08:09.660803,63.22,63.26
2025-04-07 00:08:11.257609,63.21,63.25
2025-04-07 00:08:13.176962,63.2,63.24
2025-04-07 00:08:13.916312,63.19,63.23
2025-04-07 00:08:16.538759,63.18,63.22
2025-04-07 00:08:20.050114,63.19,63.23
2025-04-07 00:08:21.037214,63.18,63.22
2025-04-07 00:08:21.872124,63.19,63.23
2025-04-07 00:08:22.807044,63.18,63.22
2025-04-07 00:08:35.728765,63.17,63.21
2025-04-07 00:08:36.223602,63.16,63.2
2025-04-07 00:08:37.217261,63.15,63.19
2025-04-07 00:08:40.590567,63.14,63.18
2025-04-07 00:08:44.980639,63.15,63.19
2025-04-07 00:08:48.770294,63.13,63.17
2025-04-07 00:08:49.941755,63.14,63.18
2025-04-07 00:08:53.618834,63.15,63.19
2025-04-07 00:08:55.215998,63.14,63.18
2025-04-07 00:09:01.297976,63.13,63.17
2025-04-07 00:09:03.221418,63.14,63.18
2025-04-07 00:09:04.779440,63.15,63.19
2025-04-07 00:09:05.999994,63.14,63.18
2025-04-07 00:09:07.310012,63.15,63.19
2025-04-07 00:09:07.807950,63.14,63.18
2025-04-07 00:09:08.228596,63.15,63.19
2025-04-07 00:09:13.320373,63.16,63.2
2025-04-07 00:09:13.910398,63.15,63.19
2025-04-07 00:09:14.547223,63.16,63.2
2025-04-07 00:09:21.084950,63.15,63.19
2025-04-07 00:09:21.588862,63.14,63.18
2025-04-07 00:09:23.173117,63.15,63.19
2025-04-07 00:09:23.851336,63.16,63.2
2025-04-07 00:09:28.257681,63.15,63.19
2025-04-07 00:09:31.555964,63.14,63.18
2025-04-07 00:09:37.459736,63.13,63.17
2025-04-07 00:09:37.873311,63.12,63.16
2025-04-07 00:09:40.130785,63.13,63.17
2025-04-07 00:09:41.684584,63.14,63.18
2025-04-07 00:09:44.970677,63.16,63.2
2025-04-07 00:09:48.521731,63.15,63.19
2025-04-07 00:09:49.338462,63.16,63.2
2025-04-07 00:09:49.876232,63.15,63.19
2025-04-07 00:09:52.022202,63.16,63.2
2025-04-07 00:09:55.040991,63.15,63.19
2025-04-07 00:09:59.594807,63.14,63.18
2025-04-07 00:10:03.248985,63.15,63.19
2025-04-07 00:10:06.348791,63.14,63.18
2025-04-07 00:10:08.207951,63.15,63.19
2025-04-07 00:10:09.466620,63.14,63.18
2025-04-07 00:10:14.866992,63.15,63.19
2025-04-07 00:10:22.076870,63.16,63.2
2025-04-07 00:10:35.424688,63.17,63.21
2025-04-07 00:10:46.358028,63.16,63.2
2025-04-07 00:10:46.850392,63.15,63.19
2025-04-07 00:10:48.961835,63.16,63.2
2025-04-07 00:10:49.773151,63.15,63.19
2025-04-07 00:10:50.648227,63.14,63.18
2025-04-07 00:10:50.909876,63.13,63.17
2025-04-07 00:10:55.423099,63.12,63.16
2025-04-07 00:10:56.161917,63.13,63.17
2025-04-07 00:10:56.668867,63.11,63.15
2025-04-07 00:10:57.444796,63.1,63.14
2025-04-07 00:10:58.175457,63.12,63.16
2025-04-07 00:10:58.888071,63.13,63.17
2025-04-07 00:11:01.443713,63.14,63.18
2025-04-07 00:11:10.807940,63.12,63.16
2025-04-07 00:11:18.681811,63.11,63.15
2025-04-07 00:11:18.918424,63.1,63.14
2025-04-07 00:11:19.807427,63.09,63.13
2025-04-07 00:11:20.391930,63.1,63.14
2025-04-07 00:11:20.885955,63.09,63.13
2025-04-07 00:11:21.304810,63.08,63.12
2025-04-07 00:11:21.405538,63.09,63.13
2025-04-07 00:11:22.027290,63.08,63.12
2025-04-07 00:11:23.443994,63.09,63.13
2025-04-07 00:11:24.437674,63.08,63.12
2025-04-07 00:11:24.808852,63.09,63.13
2025-04-07 00:11:25.488590,63.08,63.12
2025-04-07 00:11:28.776380,63.09,63.13
2025-04-07 00:11:29.040477,63.08,63.12
2025-04-07 00:11:29.682153,63.07,63.11
2025-04-07 00:11:30.210546,63.08,63.12
2025-04-07 00:11:31.132366,63.07,63.11
2025-04-07 00:11:31.390749,63.08,63.12
2025-04-07 00:11:51.351521,63.07,63.11
2025-04-07 00:11:56.198334,63.06,63.1
2025-04-07 00:11:56.921471,63.07,63.11
2025-04-07 00:11:58.839611,63.06,63.1
2025-04-07 00:11:59.642949,63.07,63.11
2025-04-07 00:12:07.031413,63.08,63.12
2025-04-07 00:12:12.426449,63.09,63.13
2025-04-07 00:12:12.746465,63.08,63.12
2025-04-07 00:12:20.899608,63.07,63.11
2025-04-07 00:12:22.792743,63.06,63.1
2025-04-07 00:12:31.281343,63.05,63.09
2025-04-07 00:12:32.389020,63.04,63.08
2025-04-07 00:12:32.599699,63.01,63.05
2025-04-07 00:12:32.807238,63.02,63.06
2025-04-07 00:12:33.240543,63.01,63.05
2025-04-07 00:12:33.745895,63.02,63.06
2025-04-07 00:12:36.810591,63.01,63.05
2025-04-07 00:12:37.317342,63.02,63.06
2025-04-07 00:12:43.971062,63.03,63.07
2025-04-07 00:12:47.800688,63.06,63.1
2025-04-07 00:12:49.750048,63.05,63.09
2025-04-07 00:12:50.593979,63.06,63.1
2025-04-07 00:12:52.134324,63.07,63.11
2025-04-07 00:12:53.781968,63.08,63.12
2025-04-07 00:12:56.742120,63.07,63.11
2025-04-07 00:12:58.337218,63.08,63.12
2025-04-07 00:12:59.268671,63.09,63.13
2025-04-07 00:12:59.654948,63.1,63.14
2025-04-07 00:13:00.123776,63.09,63.13
2025-04-07 00:13:03.524541,63.08,63.12
2025-04-07 00:13:03.942578,63.09,63.13
2025-04-07 00:13:04.179350,63.08,63.12
2025-04-07 00:13:04.389050,63.07,63.11
2025-04-07 00:13:16.273209,63.06,63.1
2025-04-07 00:13:19.272804,63.05,63.09
2025-04-07 00:13:25.088219,63.03,63.07
2025-04-07 00:13:25.354804,63.04,63.08
2025-04-07 00:13:29.716618,63.05,63.09
2025-04-07 00:13:37.866931,63.04,63.08
2025-04-07 00:13:41.898923,63.05,63.09
2025-04-07 00:13:42.965051,63.04,63.08
2025-04-07 00:13:54.228264,63.03,63.07
2025-04-07 00:13:54.640690,63.04,63.08
2025-04-07 00:13:57.402789,63.05,63.09
2025-04-07 00:14:00.068930,63.04,63.08
2025-04-07 00:14:02.055513,63.03,63.07
2025-04-07 00:14:06.921708,63.02,63.06
2025-04-07 00:14:15.271867,63.03,63.07
2025-04-07 00:14:23.449278,63.04,63.08
2025-04-07 00:14:28.954500,63.05,63.09
2025-04-07 00:14:29.728475,63.06,63.1
2025-04-07 00:14:43.859810,63.05,63.09
2025-04-07 00:14:44.454980,63.06,63.1
2025-04-07 00:14:46.127418,63.05,63.09
2025-04-07 00:14:47.206310,63.06,63.1
2025-04-07 00:14:58.714338,63.05,63.09
2025-04-07 00:15:00.873710,63.06,63.1
2025-04-07 00:15:01.053527,63.07,63.11
2025-04-07 00:15:01.341083,63.09,63.13
2025-04-07 00:15:06.507144,63.1,63.14
2025-04-07 00:15:06.974894,63.09,63.13
2025-04-07 00:15:09.727133,63.1,63.14
2025-04-07 00:15:11.361166,63.11,63.15
2025-04-07 00:15:15.185822,63.09,63.13
2025-04-07 00:15:19.859872,63.08,63.12
2025-04-07 00:15:23.489976,63.09,63.13
2025-04-07 00:15:26.877632,63.1,63.14
2025-04-07 00:15:29.400793,63.09,63.13
2025-04-07 00:15:33.429234,63.1,63.14
2025-04-07 00:15:35.339889,63.09,63.13
2025-04-07 00:15:37.708923,63.08,63.12
2025-04-07 00:15:41.138797,63.07,63.11
2025-04-07 00:15:41.454457,63.06,63.1
2025-04-07 00:15:43.942930,63.05,63.09
2025-04-07 00:15:46.242702,63.06,63.1
2025-04-07 00:15:51.361166,63.07,63.11
2025-04-07 00:15:57.655330,63.06,63.1
2025-04-07 00:16:00.636452,63.07,63.11
2025-04-07 00:16:02.456259,63.08,63.12
2025-04-07 00:16:03.411174,63.09,63.13
2025-04-07 00:16:03.960860,63.1,63.14
2025-04-07 00:16:08.056065,63.11,63.15
2025-04-07 00:16:10.523328,63.12,63.16
2025-04-07 00:16:12.247368,63.13,63.17
2025-04-07 00:16:14.059352,63.16,63.2
2025-04-07 00:16:14.353222,63.15,63.19
2025-04-07 00:16:16.584698,63.14,63.18
2025-04-07 00:16:18.541256,63.15,63.19
2025-04-07 00:16:19.384858,63.14,63.18
2025-04-07 00:16:22.809478,63.13,63.17
2025-04-07 00:16:28.436837,63.14,63.18
2025-04-07 00:16:29.919394,63.13,63.17
2025-04-07 00:16:43.658087,63.12,63.16
2025-04-07 00:16:43.985069,63.11,63.15
2025-04-07 00:16:52.229865,63.09,63.13
2025-04-07 00:16:52.483533,63.1,63.14
2025-04-07 00:16:57.360152,63.09,63.13
2025-04-07 00:16:58.846658,63.1,63.14
2025-04-07 00:17:00.302753,63.09,63.13
2025-04-07 00:17:01.232537,63.08,63.12
2025-04-07 00:17:05.087640,63.07,63.11
2025-04-07 00:17:05.538380,63.06,63.1
2025-04-07 00:17:14.366610,63.07,63.11
2025-04-07 00:17:18.066770,63.08,63.12
2025-04-07 00:17:18.636744,63.09,63.13
2025-04-07 00:17:33.422210,63.1,63.14
2025-04-07 00:17:34.688454,63.12,63.16
2025-04-07 00:17:35.545058,63.11,63.15
2025-04-07 00:17:39.455273,63.12,63.16
2025-04-07 00:17:41.224413,63.13,63.17
2025-04-07 00:17:46.406369,63.14,63.18
2025-04-07 00:17:47.625738,63.15,63.19
2025-04-07 00:17:48.498266,63.14,63.18
2025-04-07 00:17:49.361284,63.15,63.19
2025-04-07 00:17:51.703817,63.16,63.2
2025-04-07 00:17:55.390507,63.14,63.18
2025-04-07 00:17:55.781389,63.13,63.17
2025-04-07 00:17:56.118498,63.14,63.18
2025-04-07 00:18:02.991970,63.13,63.17
2025-04-07 00:18:05.042626,63.14,63.18
2025-04-07 00:18:05.693264,63.17,63.21
2025-04-07 00:18:10.951412,63.18,63.22
2025-04-07 00:18:14.356731,63.19,63.23
2025-04-07 00:18:22.234320,63.18,63.22
2025-04-07 00:18:27.395195,63.19,63.23
2025-04-07 00:18:29.318595,63.18,63.22
2025-04-07 00:18:30.180887,63.19,63.23
2025-04-07 00:18:38.543524,63.2,63.24
2025-04-07 00:18:48.084181,63.16,63.2
2025-04-07 00:18:51.993742,63.15,63.19
2025-04-07 00:18:52.534165,63.16,63.2
2025-04-07 00:18:56.991894,63.15,63.19
2025-04-07 00:18:59.585658,63.16,63.2
2025-04-07 00:19:04.272518,63.17,63.21
2025-04-07 00:19:05.014183,63.18,63.22
2025-04-07 00:19:10.705309,63.19,63.23
2025-04-07 00:19:10.898904,63.17,63.21
2025-04-07 00:19:11.386452,63.18,63.22
2025-04-07 00:19:14.387024,63.17,63.21
2025-04-07 00:19:17.620390,63.18,63.22
2025-04-07 00:19:18.405620,63.19,63.23
2025-04-07 00:19:37.789938,63.17,63.21
2025-04-07 00:19:42.130834,63.16,63.2
2025-04-07 00:19:43.062126,63.15,63.19
2025-04-07 00:19:51.145663,63.16,63.2
2025-04-07 00:19:57.428236,63.17,63.21
2025-04-07 00:20:07.784344,63.15,63.19
2025-04-07 00:20:10.051326,63.16,63.2
2025-04-07 00:20:11.627831,63.17,63.21
2025-04-07 00:20:13.947887,63.23,63.27
2025-04-07 00:20:22.012484,63.24,63.28
2025-04-07 00:20:23.363136,63.25,63.29
2025-04-07 00:20:24.453226,63.24,63.28
2025-04-07 00:20:26.773655,63.25,63.29
2025-04-07 00:20:27.292594,63.26,63.3
2025-04-07 00:20:29.865292,63.25,63.29
2025-04-07 00:20:30.837000,63.26,63.3
2025-04-07 00:20:32.659172,63.27,63.31
2025-04-07 00:20:33.934267,63.28,63.32
2025-04-07 00:20:35.872713,63.27,63.31
2025-04-07 00:20:36.680618,63.28,63.32
2025-04-07 00:20:37.695312,63.27,63.31
2025-04-07 00:20:38.683302,63.26,63.3
2025-04-07 00:20:39.473004,63.27,63.31
2025-04-07 00:20:41.218637,63.26,63.3
2025-04-07 00:20:45.336450,63.23,63.27
2025-04-07 00:20:45.890186,63.22,63.26
2025-04-07 00:20:46.392910,63.23,63.27
2025-04-07 00:20:47.150764,63.22,63.26
2025-04-07 00:20:49.353033,63.23,63.27
2025-04-07 00:20:49.856531,63.24,63.28
2025-04-07 00:20:50.667525,63.23,63.27
2025-04-07 00:20:51.101056,63.22,63.26
2025-04-07 00:20:51.355370,63.23,63.27
2025-04-07 00:21:00.273445,63.24,63.28
2025-04-07 00:21:02.389947,63.25,63.29
2025-04-07 00:21:04.831501,63.23,63.27
2025-04-07 00:21:05.099495,63.25,63.29
2025-04-07 00:21:07.898033,63.26,63.3
2025-04-07 00:21:13.689276,63.27,63.31
2025-04-07 00:21:19.257455,63.28,63.32
2025-04-07 00:21:32.595261,63.29,63.33
2025-04-07 00:21:43.960075,63.3,63.34
2025-04-07 00:21:45.648132,63.29,63.33
2025-04-07 00:21:48.440502,63.27,63.31
2025-04-07 00:21:51.779578,63.28,63.32
2025-04-07 00:21:54.940162,63.29,63.33
2025-04-07 00:22:08.083797,63.27,63.31
2025-04-07 00:22:08.745957,63.26,63.3
2025-04-07 00:22:10.253812,63.27,63.31
2025-04-07 00:22:11.144367,63.26,63.3
2025-04-07 00:22:14.230510,63.27,63.31
2025-04-07 00:22:24.732561,63.26,63.3
2025-04-07 00:22:27.255132,63.24,63.28
2025-04-07 00:22:34.907803,63.23,63.27
2025-04-07 00:22:36.765764,63.24,63.28
2025-04-07 00:22:37.250646,63.23,63.27
2025-04-07 00:22:38.489003,63.22,63.26
2025-04-07 00:22:49.841648,63.23,63.27
2025-04-07 00:22:53.425774,63.24,63.28
2025-04-07 00:22:56.102113,63.28,63.32
2025-04-07 00:22:57.351511,63.34,63.38
2025-04-07 00:22:57.807663,63.35,63.39
2025-04-07 00:22:59.394374,63.34,63.38
2025-04-07 00:23:01.112081,63.36,63.4
2025-04-07 00:23:02.233875,63.33,63.37
2025-04-07 00:23:02.526790,63.32,63.36
2025-04-07 00:23:10.697445,63.31,63.35
2025-04-07 00:23:19.475432,63.32,63.36
2025-04-07 00:23:20.180988,63.36,63.4
2025-04-07 00:23:23.626283,63.34,63.38
2025-04-07 00:23:23.937772,63.33,63.37
2025-04-07 00:23:24.777143,63.32,63.36
2025-04-07 00:23:31.676750,63.31,63.35
2025-04-07 00:23:32.138399,63.32,63.36
2025-04-07 00:23:33.585650,63.31,63.35
2025-04-07 00:23:34.087213,63.32,63.36
2025-04-07 00:23:36.951863,63.33,63.37
2025-04-07 00:23:37.339201,63.34,63.38
2025-04-07 00:23:41.737939,63.35,63.39
2025-04-07 00:23:44.237330,63.36,63.4
2025-04-07 00:23:57.543517,63.35,63.39
2025-04-07 00:23:59.382565,63.37,63.41
2025-04-07 00:24:05.135892,63.38,63.42
2025-04-07 00:24:07.141502,63.37,63.41
2025-04-07 00:24:15.538838,63.38,63.42
2025-04-07 00:24:15.588758,63.4,63.44
2025-04-07 00:24:16.127603,63.41,63.45
2025-04-07 00:24:16.719123,63.4,63.44
2025-04-07 00:24:21.865275,63.37,63.41
2025-04-07 00:24:23.632497,63.38,63.42
2025-04-07 00:24:34.134768,63.37,63.41
2025-04-07 00:24:34.363686,63.38,63.42
2025-04-07 00:24:34.730161,63.37,63.41
2025-04-07 00:24:40.481391,63.38,63.42
2025-04-07 00:24:45.046878,63.37,63.41
2025-04-07 00:24:51.688393,63.38,63.42
2025-04-07 00:24:53.071940,63.37,63.41
2025-04-07 00:24:55.807127,63.38,63.42
2025-04-07 00:24:57.953545,63.37,63.41
2025-04-07 00:24:58.865836,63.38,63.42
2025-04-07 00:25:00.529400,63.38,63.41
2025-04-07 00:25:40.777297,63.39,63.42
2025-04-07 00:25:42.398572,63.38,63.41
2025-04-07 00:25:42.756481,63.37,63.4
2025-04-07 00:25:43.970182,63.38,63.41
2025-04-07 00:25:52.279817,63.39,63.42
2025-04-07 00:26:00.452699,63.4,63.43
2025-04-07 00:26:03.196038,63.41,63.44
2025-04-07 00:26:06.127332,63.42,63.45
2025-04-07 00:26:08.326419,63.41,63.44
2025-04-07 00:26:12.447027,63.42,63.45
2025-04-07 00:26:13.567347,63.43,63.46
2025-04-07 00:26:13.864643,63.42,63.45
2025-04-07 00:26:15.932970,63.41,63.44
2025-04-07 00:26:16.603609,63.4,63.43
2025-04-07 00:26:18.544615,63.39,63.42
2025-04-07 00:26:23.982057,63.38,63.41
2025-04-07 00:26:27.365908,63.37,63.4
2025-04-07 00:26:29.064301,63.38,63.41
2025-04-07 00:26:31.801123,63.39,63.42
2025-04-07 00:26:35.850613,63.36,63.39
2025-04-07 00:26:42.775825,63.35,63.38
2025-04-07 00:26:43.813082,63.36,63.39
2025-04-07 00:26:45.139150,63.35,63.38
2025-04-07 00:26:45.483274,63.36,63.39
2025-04-07 00:26:46.334032,63.35,63.38
2025-04-07 00:26:53.669226,63.36,63.39
2025-04-07 00:26:57.980823,63.35,63.38
2025-04-07 00:26:59.668386,63.34,63.37
2025-04-07 00:27:01.622403,63.35,63.38
2025-04-07 00:27:14.808824,63.36,63.39
2025-04-07 00:27:15.887690,63.35,63.38
2025-04-07 00:27:19.535605,63.34,63.37
2025-04-07 00:27:38.036222,63.33,63.36
2025-04-07 00:27:38.812933,63.32,63.35
2025-04-07 00:27:46.524618,63.33,63.36
2025-04-07 00:27:51.598534,63.34,63.37
2025-04-07 00:27:56.599268,63.33,63.36
2025-04-07 00:27:56.849475,63.34,63.37
2025-04-07 00:28:01.021492,63.35,63.38
2025-04-07 00:28:01.854015,63.34,63.37
2025-04-07 00:28:04.553706,63.35,63.38
2025-04-07 00:28:14.470544,63.33,63.36
2025-04-07 00:28:16.586391,63.32,63.35
2025-04-07 00:28:17.571899,63.33,63.36
2025-04-07 00:28:26.799602,63.32,63.35
2025-04-07 00:28:28.274354,63.33,63.36
2025-04-07 00:28:29.389865,63.32,63.35
2025-04-07 00:28:37.669523,63.33,63.36
2025-04-07 00:28:51.641737,63.31,63.34
2025-04-07 00:28:53.415794,63.32,63.35
2025-04-07 00:28:57.987672,63.33,63.36
2025-04-07 00:29:10.142951,63.34,63.37
2025-04-07 00:29:10.559787,63.33,63.36
2025-04-07 00:29:10.653602,63.34,63.37
2025-04-07 00:29:32.565121,63.35,63.38
2025-04-07 00:29:51.174196,63.36,63.39
2025-04-07 00:29:58.686376,63.37,63.4
2025-04-07 00:30:00.274619,63.38,63.41
2025-04-07 00:30:01.073290,63.39,63.42
2025-04-07 00:30:07.894195,63.42,63.45
2025-04-07 00:30:10.016624,63.43,63.46
2025-04-07 00:30:29.670097,63.42,63.45
2025-04-07 00:30:30.119508,63.41,63.44
2025-04-07 00:30:30.537323,63.42,63.45
2025-04-07 00:30:33.525295,63.41,63.44
2025-04-07 00:30:37.532177,63.42,63.45
2025-04-07 00:30:40.996701,63.41,63.44
2025-04-07 00:30:42.013016,63.42,63.45
2025-04-07 00:30:43.787657,63.4,63.43
2025-04-07 00:30:44.073852,63.41,63.44
2025-04-07 00:30:44.823444,63.4,63.43
2025-04-07 00:30:48.334779,63.41,63.44
2025-04-07 00:30:51.189185,63.4,63.43
2025-04-07 00:30:51.941417,63.39,63.42
2025-04-07 00:30:53.745120,63.38,63.41
2025-04-07 00:30:54.874624,63.4,63.43
2025-04-07 00:30:56.061539,63.39,63.42
2025-04-07 00:30:59.299432,63.38,63.41
2025-04-07 00:31:02.170326,63.39,63.42
2025-04-07 00:31:03.131918,63.38,63.41
2025-04-07 00:31:03.399006,63.39,63.42
2025-04-07 00:31:34.975566,63.38,63.41
2025-04-07 00:31:40.895722,63.37,63.4
2025-04-07 00:31:44.794148,63.36,63.39
2025-04-07 00:31:52.132783,63.35,63.38
2025-04-07 00:32:01.306468,63.34,63.37
2025-04-07 00:32:02.518473,63.35,63.38
2025-04-07 00:32:05.624888,63.34,63.37
2025-04-07 00:32:07.413490,63.33,63.36
2025-04-07 00:32:10.684221,63.32,63.35
2025-04-07 00:32:13.847880,63.33,63.36
2025-04-07 00:32:16.367615,63.35,63.38
2025-04-07 00:32:22.826119,63.36,63.39
2025-04-07 00:32:24.465478,63.39,63.42
2025-04-07 00:32:27.502497,63.4,63.43
2025-04-07 00:32:32.648946,63.39,63.42
2025-04-07 00:32:34.689655,63.38,63.41
2025-04-07 00:32:38.579014,63.39,63.42
2025-04-07 00:32:39.085509,63.38,63.41
2025-04-07 00:32:40.128711,63.39,63.42
2025-04-07 00:32:41.832360,63.38,63.41
2025-04-07 00:32:42.472060,63.39,63.42
2025-04-07 00:32:46.177031,63.38,63.41
2025-04-07 00:32:51.749932,63.39,63.42
2025-04-07 00:32:52.507019,63.4,63.43
2025-04-07 00:32:55.326515,63.42,63.45
2025-04-07 00:33:00.901816,63.43,63.46
2025-04-07 00:33:01.264414,63.42,63.45
2025-04-07 00:33:05.982923,63.43,63.46
2025-04-07 00:33:09.822816,63.44,63.47
2025-04-07 00:33:12.288540,63.45,63.48
2025-04-07 00:33:17.658843,63.46,63.49
2025-04-07 00:33:18.831671,63.44,63.47
2025-04-07 00:33:19.368753,63.43,63.46
2025-04-07 00:33:46.127614,63.42,63.45
2025-04-07 00:33:49.750751,63.43,63.46
2025-04-07 00:33:50.062641,63.42,63.45
2025-04-07 00:33:52.119224,63.41,63.44
2025-04-07 00:33:58.582917,63.39,63.42
2025-04-07 00:34:01.384191,63.4,63.43
2025-04-07 00:34:02.930210,63.39,63.42
2025-04-07 00:34:05.688495,63.4,63.43
2025-04-07 00:34:27.096260,63.39,63.42
2025-04-07 00:34:34.994531,63.4,63.43
2025-04-07 00:34:47.455798,63.39,63.42
2025-04-07 00:34:50.908195,63.4,63.43
2025-04-07 00:34:51.456140,63.41,63.44
2025-04-07 00:34:52.930265,63.42,63.45
2025-04-07 00:35:08.137391,63.43,63.46
2025-04-07 00:35:11.341056,63.44,63.47
2025-04-07 00:35:21.208794,63.45,63.48
2025-04-07 00:35:28.400924,63.46,63.49
2025-04-07 00:35:37.563739,63.45,63.48
2025-04-07 00:35:38.535019,63.44,63.47
2025-04-07 00:35:49.475579,63.45,63.48
2025-04-07 00:36:11.990990,63.44,63.47
2025-04-07 00:36:19.343929,63.43,63.46
2025-04-07 00:36:27.510983,63.41,63.44
2025-04-07 00:36:33.249339,63.4,63.43
2025-04-07 00:36:35.110909,63.41,63.44
2025-04-07 00:36:39.289665,63.4,63.43
2025-04-07 00:36:50.960756,63.39,63.42
2025-04-07 00:36:55.525449,63.38,63.41
2025-04-07 00:36:58.642892,63.37,63.4
2025-04-07 00:37:01.364133,63.38,63.41
2025-04-07 00:37:08.238009,63.36,63.39
2025-04-07 00:37:11.290398,63.37,63.4
2025-04-07 00:37:12.249819,63.38,63.41
2025-04-07 00:37:15.674585,63.37,63.4
2025-04-07 00:37:27.785007,63.38,63.41
2025-04-07 00:37:29.929587,63.39,63.42
2025-04-07 00:37:37.343249,63.4,63.43
2025-04-07 00:37:42.945511,63.41,63.44
2025-04-07 00:37:46.882762,63.4,63.43
2025-04-07 00:37:49.186157,63.41,63.44
2025-04-07 00:38:11.292282,63.43,63.46
2025-04-07 00:38:12.685863,63.44,63.47
2025-04-07 00:38:17.816893,63.43,63.46
2025-04-07 00:38:21.456913,63.44,63.47
2025-04-07 00:38:22.112113,63.43,63.46
2025-04-07 00:38:25.111173,63.44,63.47
2025-04-07 00:38:32.316074,63.41,63.44
2025-04-07 00:38:35.424239,63.4,63.43
2025-04-07 00:38:36.718627,63.41,63.44
2025-04-07 00:38:39.834512,63.43,63.46
2025-04-07 00:38:41.829170,63.44,63.47
2025-04-07 00:38:48.913340,63.43,63.46
2025-04-07 00:38:50.700813,63.39,63.42
2025-04-07 00:38:52.081278,63.38,63.41
2025-04-07 00:38:52.576786,63.37,63.4
2025-04-07 00:38:55.608333,63.36,63.39
2025-04-07 00:38:59.774395,63.37,63.4
2025-04-07 00:39:00.560836,63.38,63.41
2025-04-07 00:39:00.950682,63.37,63.4
2025-04-07 00:39:05.005924,63.38,63.41
2025-04-07 00:39:08.358392,63.37,63.4
2025-04-07 00:39:09.195829,63.38,63.41
2025-04-07 00:39:10.008998,63.37,63.4
2025-04-07 00:39:12.317679,63.36,63.39
2025-04-07 00:39:13.579432,63.37,63.4
2025-04-07 00:39:15.475413,63.36,63.39
2025-04-07 00:39:19.403764,63.35,63.38
2025-04-07 00:39:20.313716,63.36,63.39
2025-04-07 00:39:23.966070,63.35,63.38
2025-04-07 00:39:24.867852,63.36,63.39
2025-04-07 00:39:35.121326,63.35,63.38
2025-04-07 00:39:38.882189,63.34,63.37
2025-04-07 00:39:48.211695,63.33,63.36
2025-04-07 00:39:51.572449,63.34,63.37
2025-04-07 00:39:54.833816,63.33,63.36
2025-04-07 00:39:55.106145,63.32,63.35
2025-04-07 00:39:56.918758,63.33,63.36
2025-04-07 00:39:58.926139,63.32,63.35
2025-04-07 00:40:00.065587,63.33,63.36
2025-04-07 00:40:00.596761,63.32,63.35
2025-04-07 00:40:01.671071,63.33,63.36
2025-04-07 00:40:02.190652,63.35,63.38
2025-04-07 00:40:03.048174,63.36,63.39
2025-04-07 00:40:03.621312,63.37,63.4
2025-04-07 00:40:05.657721,63.36,63.39
2025-04-07 00:40:08.283733,63.37,63.4
2025-04-07 00:40:08.455741,63.38,63.41
2025-04-07 00:40:10.566753,63.35,63.38
2025-04-07 00:40:16.064324,63.34,63.37
2025-04-07 00:40:16.645180,63.32,63.35
2025-04-07 00:40:19.024495,63.31,63.34
2025-04-07 00:40:19.600188,63.32,63.35
2025-04-07 00:40:23.320174,63.31,63.34
2025-04-07 00:40:32.914349,63.3,63.33
2025-04-07 00:40:32.972417,63.28,63.31
2025-04-07 00:40:33.123756,63.27,63.3
2025-04-07 00:40:33.647279,63.25,63.28
2025-04-07 00:40:33.758314,63.26,63.29
2025-04-07 00:40:34.364170,63.27,63.3
2025-04-07 00:40:35.100117,63.28,63.31
2025-04-07 00:40:35.339261,63.26,63.29
2025-04-07 00:40:37.552587,63.27,63.3
2025-04-07 00:40:41.049983,63.26,63.29
2025-04-07 00:40:42.333466,63.27,63.3
2025-04-07 00:40:49.818572,63.28,63.31
2025-04-07 00:40:53.984366,63.29,63.32
2025-04-07 00:40:54.262025,63.28,63.31
2025-04-07 00:40:55.062185,63.29,63.32
2025-04-07 00:40:55.877488,63.27,63.3
2025-04-07 00:40:56.446847,63.25,63.28
2025-04-07 00:40:58.139784,63.24,63.27
2025-04-07 00:41:01.184863,63.22,63.25
2025-04-07 00:41:02.131346,63.21,63.24
2025-04-07 00:41:03.392122,63.22,63.25
2025-04-07 00:41:04.442638,63.21,63.24
2025-04-07 00:41:04.914533,63.22,63.25
2025-04-07 00:41:06.342375,63.2,63.23
2025-04-07 00:41:07.046615,63.21,63.24
2025-04-07 00:41:09.415126,63.2,63.23
2025-04-07 00:41:10.443026,63.21,63.24
2025-04-07 00:41:10.667953,63.19,63.22
2025-04-07 00:41:12.025841,63.2,63.23
2025-04-07 00:41:16.373871,63.21,63.24
2025-04-07 00:41:17.516949,63.2,63.23
2025-04-07 00:41:17.768749,63.21,63.24
2025-04-07 00:41:18.468980,63.2,63.23
2025-04-07 00:41:19.991693,63.19,63.22
2025-04-07 00:41:20.255973,63.2,63.23
2025-04-07 00:41:22.975836,63.21,63.24
2025-04-07 00:41:23.842934,63.22,63.25
2025-04-07 00:41:25.181974,63.21,63.24
2025-04-07 00:41:25.721073,63.22,63.25
2025-04-07 00:41:27.709299,63.21,63.24
2025-04-07 00:41:30.335159,63.2,63.23
2025-04-07 00:41:30.844412,63.19,63.22
2025-04-07 00:41:31.230026,63.2,63.23
2025-04-07 00:41:33.590448,63.19,63.22
2025-04-07 00:41:59.590078,63.2,63.23
2025-04-07 00:42:00.327451,63.18,63.21
2025-04-07 00:42:01.239032,63.19,63.22
2025-04-07 00:42:06.631530,63.2,63.23
2025-04-07 00:42:07.172205,63.21,63.24
2025-04-07 00:42:10.296323,63.22,63.25
2025-04-07 00:42:11.481422,63.23,63.26
2025-04-07 00:42:13.295118,63.25,63.28
2025-04-07 00:42:14.221247,63.23,63.26
2025-04-07 00:42:14.713770,63.24,63.27
2025-04-07 00:42:16.728298,63.23,63.26
2025-04-07 00:42:17.631513,63.22,63.25
2025-04-07 00:42:19.025351,63.21,63.24
2025-04-07 00:42:22.410330,63.2,63.23
2025-04-07 00:42:23.579225,63.19,63.22
2025-04-07 00:42:26.789990,63.18,63.21
2025-04-07 00:42:30.558649,63.19,63.22
2025-04-07 00:42:30.804267,63.18,63.21
2025-04-07 00:42:33.540963,63.19,63.22
2025-04-07 00:42:34.289577,63.2,63.23
2025-04-07 00:42:34.461280,63.23,63.26
2025-04-07 00:42:41.075824,63.25,63.28
2025-04-07 00:42:50.365460,63.24,63.27
2025-04-07 00:42:51.294042,63.23,63.26
2025-04-07 00:42:51.487789,63.24,63.27
2025-04-07 00:42:52.025895,63.32,63.35
2025-04-07 00:42:53.512187,63.33,63.36
2025-04-07 00:42:56.489835,63.31,63.34
2025-04-07 00:42:57.426598,63.3,63.33
2025-04-07 00:42:59.496197,63.29,63.32
2025-04-07 00:43:02.625158,63.28,63.31
2025-04-07 00:43:02.902861,63.32,63.35
2025-04-07 00:43:04.830498,63.31,63.34
2025-04-07 00:43:09.711974,63.33,63.36
2025-04-07 00:43:32.792234,63.32,63.35
2025-04-07 00:43:36.358540,63.33,63.36
2025-04-07 00:43:40.256392,63.32,63.35
2025-04-07 00:43:41.191906,63.31,63.34
2025-04-07 00:43:43.771156,63.32,63.35
2025-04-07 00:43:46.157281,63.31,63.34
2025-04-07 00:43:46.977534,63.3,63.33
2025-04-07 00:43:47.190384,63.31,63.34
2025-04-07 00:43:47.638880,63.32,63.35
2025-04-07 00:43:49.609361,63.31,63.34
2025-04-07 00:43:51.890482,63.3,63.33
2025-04-07 00:43:54.572007,63.29,63.32
2025-04-07 00:43:57.473160,63.28,63.31
2025-04-07 00:43:59.887234,63.29,63.32
2025-04-07 00:44:03.870129,63.28,63.31
2025-04-07 00:44:04.280613,63.29,63.32
2025-04-07 00:44:05.373388,63.3,63.33
2025-04-07 00:44:07.635854,63.32,63.35
2025-04-07 00:44:09.300223,63.31,63.34
2025-04-07 00:44:11.869122,63.3,63.33
2025-04-07 00:44:12.125770,63.31,63.34
2025-04-07 00:44:12.334954,63.3,63.33
2025-04-07 00:44:16.938496,63.29,63.32
2025-04-07 00:44:19.859499,63.3,63.33
2025-04-07 00:44:23.985312,63.29,63.32
2025-04-07 00:44:39.750514,63.3,63.33
2025-04-07 00:44:41.344087,63.29,63.32
2025-04-07 00:44:50.005512,63.28,63.31
2025-04-07 00:44:56.151952,63.29,63.32
2025-04-07 00:44:57.885740,63.3,63.33
2025-04-07 00:44:58.099250,63.31,63.34
2025-04-07 00:44:59.330468,63.32,63.35
2025-04-07 00:45:02.217686,63.31,63.34
2025-04-07 00:45:05.176655,63.3,63.33
2025-04-07 00:45:09.831641,63.33,63.36
2025-04-07 00:45:12.734439,63.32,63.35
2025-04-07 00:45:13.636569,63.33,63.36
2025-04-07 00:45:14.089745,63.32,63.35
2025-04-07 00:45:15.250491,63.31,63.34
2025-04-07 00:45:16.971596,63.3,63.33
2025-04-07 00:45:24.584901,63.29,63.32
2025-04-07 00:45:27.476570,63.28,63.31
2025-04-07 00:45:29.131959,63.29,63.32
2025-04-07 00:45:37.361246,63.3,63.33
2025-04-07 00:45:43.431493,63.29,63.32
2025-04-07 00:45:44.077237,63.3,63.33
2025-04-07 00:45:46.099886,63.29,63.32
2025-04-07 00:45:48.287186,63.3,63.33
2025-04-07 00:45:50.193456,63.29,63.32
2025-04-07 00:45:55.515544,63.28,63.31
2025-04-07 00:46:00.687096,63.29,63.32
2025-04-07 00:46:02.223598,63.3,63.33
2025-04-07 00:46:05.544960,63.29,63.32
2025-04-07 00:46:08.659482,63.3,63.33
2025-04-07 00:46:09.021169,63.31,63.34
2025-04-07 00:46:09.401134,63.32,63.35
2025-04-07 00:46:11.972537,63.31,63.34
2025-04-07 00:46:16.550864,63.3,63.33
2025-04-07 00:46:24.972952,63.29,63.32
2025-04-07 00:46:27.557196,63.3,63.33
2025-04-07 00:46:30.330467,63.32,63.35
2025-04-07 00:46:31.333698,63.33,63.36
2025-04-07 00:46:32.652626,63.32,63.35
2025-04-07 00:46:33.705828,63.33,63.36
2025-04-07 00:46:35.365575,63.32,63.35
2025-04-07 00:46:36.858827,63.33,63.36
2025-04-07 00:46:37.204010,63.37,63.4
2025-04-07 00:46:37.486952,63.36,63.39
2025-04-07 00:46:41.728019,63.37,63.4
2025-04-07 00:46:45.920923,63.38,63.41
2025-04-07 00:46:53.568847,63.39,63.42
2025-04-07 00:46:55.700773,63.38,63.41
2025-04-07 00:46:59.672730,63.39,63.42
2025-04-07 00:47:00.889079,63.4,63.43
2025-04-07 00:47:01.105055,63.39,63.42
2025-04-07 00:47:14.602838,63.4,63.43
2025-04-07 00:47:15.453562,63.39,63.42
2025-04-07 00:47:25.949916,63.38,63.41
2025-04-07 00:47:31.934231,63.39,63.42
2025-04-07 00:47:32.449894,63.34,63.37
2025-04-07 00:47:33.529864,63.35,63.38
2025-04-07 00:47:36.285763,63.34,63.37
2025-04-07 00:47:37.002280,63.35,63.38
2025-04-07 00:47:39.387407,63.34,63.37
2025-04-07 00:47:39.884589,63.35,63.38
2025-04-07 00:47:43.854074,63.36,63.39
2025-04-07 00:47:44.918817,63.35,63.38
2025-04-07 00:47:51.922875,63.34,63.37
2025-04-07 00:47:52.268577,63.35,63.38
2025-04-07 00:47:57.300617,63.36,63.39
2025-04-07 00:47:59.302379,63.35,63.38
2025-04-07 00:47:59.802743,63.36,63.39
2025-04-07 00:48:03.258757,63.35,63.38
2025-04-07 00:48:09.166911,63.36,63.39
2025-04-07 00:48:14.953079,63.35,63.38
2025-04-07 00:48:18.587271,63.34,63.37
2025-04-07 00:48:22.551403,63.33,63.36
2025-04-07 00:48:23.885287,63.34,63.37
2025-04-07 00:48:26.035533,63.33,63.36
2025-04-07 00:48:30.833474,63.32,63.35
2025-04-07 00:48:31.251108,63.31,63.34
2025-04-07 00:48:31.356375,63.32,63.35
2025-04-07 00:48:33.033848,63.33,63.36
2025-04-07 00:48:35.491757,63.32,63.35
2025-04-07 00:48:36.000323,63.31,63.34
2025-04-07 00:48:36.691981,63.29,63.32
2025-04-07 00:48:37.294679,63.3,63.33
2025-04-07 00:48:53.397898,63.3,63.33
2025-04-07 00:48:55.094814,63.31,63.34
2025-04-07 00:48:56.307725,63.3,63.33
2025-04-07 00:48:56.992785,63.29,63.32
2025-04-07 00:49:02.961989,63.28,63.31
2025-04-07 00:49:03.748131,63.29,63.32
2025-04-07 00:49:06.688181,63.3,63.33
2025-04-07 00:49:19.530642,63.29,63.32
2025-04-07 00:49:24.018657,63.3,63.33
2025-04-07 00:49:31.603079,63.29,63.32
2025-04-07 00:49:35.404361,63.31,63.34
2025-04-07 00:49:36.308570,63.3,63.33
2025-04-07 00:49:37.866571,63.31,63.34
2025-04-07 00:49:39.073305,63.3,63.33
2025-04-07 00:49:43.514009,63.31,63.34
2025-04-07 00:49:47.864581,63.3,63.33
2025-04-07 00:49:48.521951,63.29,63.32
2025-04-07 00:49:49.015944,63.28,63.31
2025-04-07 00:49:50.537461,63.29,63.32
2025-04-07 00:49:54.232734,63.3,63.33
2025-04-07 00:49:54.957919,63.32,63.35
2025-04-07 00:49:55.511519,63.33,63.36
2025-04-07 00:49:57.268313,63.32,63.35
2025-04-07 00:49:59.460259,63.33,63.36
2025-04-07 00:50:15.428935,63.32,63.35
2025-04-07 00:50:19.668877,63.33,63.36
2025-04-07 00:50:27.131441,63.32,63.35
2025-04-07 00:50:28.532312,63.34,63.37
2025-04-07 00:50:36.115231,63.35,63.38
2025-04-07 00:50:41.134537,63.34,63.37
2025-04-07 00:50:41.398462,63.33,63.36
2025-04-07 00:50:41.849384,63.34,63.37
2025-04-07 00:50:46.530515,63.33,63.36
2025-04-07 00:50:47.316711,63.32,63.35
2025-04-07 00:50:52.017030,63.33,63.36
2025-04-07 00:50:52.245163,63.32,63.35
2025-04-07 00:50:53.333530,63.31,63.34
2025-04-07 00:51:00.131732,63.32,63.35
2025-04-07 00:51:03.600561,63.31,63.34
2025-04-07 00:51:04.565462,63.32,63.35
2025-04-07 00:51:09.216982,63.33,63.36
2025-04-07 00:51:10.815911,63.32,63.35
2025-04-07 00:51:13.229605,63.33,63.36
2025-04-07 00:51:16.529731,63.34,63.37
2025-04-07 00:51:19.398405,63.33,63.36
2025-04-07 00:51:22.307919,63.34,63.37
2025-04-07 00:51:23.798699,63.35,63.38
2025-04-07 00:51:28.994790,63.36,63.39
2025-04-07 00:51:34.498130,63.35,63.38
2025-04-07 00:51:40.663151,63.36,63.39
2025-04-07 00:51:47.847665,63.35,63.38
2025-04-07 00:51:51.696033,63.36,63.39
2025-04-07 00:51:52.467083,63.35,63.38
2025-04-07 00:51:53.266044,63.36,63.39
2025-04-07 00:51:57.861710,63.35,63.38
2025-04-07 00:52:01.765957,63.36,63.39
2025-04-07 00:52:02.493007,63.35,63.38
2025-04-07 00:52:03.291652,63.36,63.39
2025-04-07 00:52:06.129404,63.35,63.38
2025-04-07 00:52:08.380206,63.32,63.35
2025-04-07 00:52:17.478780,63.31,63.34
2025-04-07 00:52:18.954922,63.3,63.33
2025-04-07 00:52:20.650019,63.31,63.34
2025-04-07 00:52:25.713897,63.32,63.35
2025-04-07 00:52:26.667073,63.33,63.36
2025-04-07 00:52:37.529087,63.32,63.35
2025-04-07 00:52:38.978269,63.33,63.36
2025-04-07 00:52:39.739585,63.35,63.38
2025-04-07 00:52:46.155376,63.34,63.37
2025-04-07 00:52:48.227855,63.35,63.38
2025-04-07 00:52:53.036152,63.36,63.39
2025-04-07 00:52:55.712211,63.37,63.4
2025-04-07 00:52:58.562417,63.38,63.41
2025-04-07 00:53:00.854932,63.4,63.43
2025-04-07 00:53:01.596758,63.38,63.41
2025-04-07 00:53:03.345042,63.39,63.42
2025-04-07 00:53:04.111452,63.4,63.43
2025-04-07 00:53:05.381280,63.41,63.44
2025-04-07 00:53:08.063739,63.42,63.45
2025-04-07 00:53:10.893077,63.43,63.46
2025-04-07 00:53:11.145261,63.44,63.47
2025-04-07 00:53:11.431261,63.41,63.44
2025-04-07 00:53:11.717199,63.4,63.43
2025-04-07 00:53:14.396302,63.39,63.42
2025-04-07 00:53:15.877833,63.4,63.43
2025-04-07 00:53:16.061556,63.41,63.44
2025-04-07 00:53:17.024703,63.42,63.45
2025-04-07 00:53:17.535268,63.43,63.46
2025-04-07 00:53:24.423378,63.42,63.45
2025-04-07 00:53:26.693630,63.41,63.44
2025-04-07 00:53:27.548438,63.4,63.43
2025-04-07 00:53:28.146935,63.41,63.44
2025-04-07 00:53:30.665081,63.43,63.46
2025-04-07 00:53:30.898411,63.42,63.45
2025-04-07 00:53:37.031649,63.41,63.44
2025-04-07 00:53:37.208646,63.42,63.45
2025-04-07 00:53:48.298125,63.43,63.46
2025-04-07 00:53:50.681561,63.42,63.45
2025-04-07 00:53:54.537315,63.43,63.46
2025-04-07 00:53:56.937529,63.39,63.42
2025-04-07 00:53:57.970443,63.38,63.41
2025-04-07 00:53:59.511376,63.37,63.4
2025-04-07 00:54:10.628805,63.38,63.41
2025-04-07 00:54:18.861989,63.39,63.42
2025-04-07 00:54:22.477083,63.38,63.41
2025-04-07 00:54:33.998853,63.37,63.4
2025-04-07 00:54:37.446162,63.38,63.41
2025-04-07 00:54:45.009187,63.39,63.42
2025-04-07 00:54:57.394874,63.4,63.43
2025-04-07 00:55:07.781738,63.41,63.44
2025-04-07 00:55:08.045875,63.45,63.48
2025-04-07 00:55:11.490013,63.46,63.49
2025-04-07 00:55:13.820909,63.47,63.5
2025-04-07 00:55:18.294917,63.48,63.51
2025-04-07 00:55:20.745741,63.49,63.52
2025-04-07 00:55:22.803100,63.5,63.53
2025-04-07 00:55:23.829865,63.49,63.52
2025-04-07 00:55:25.117849,63.5,63.53
2025-04-07 00:55:25.243413,63.51,63.54
2025-04-07 00:55:25.478813,63.52,63.55
2025-04-07 00:55:25.947141,63.51,63.54
2025-04-07 00:55:26.710667,63.52,63.55
2025-04-07 00:55:27.976192,63.53,63.56
2025-04-07 00:55:29.553081,63.52,63.55
2025-04-07 00:55:31.428646,63.51,63.54
2025-04-07 00:55:32.328243,63.5,63.53
2025-04-07 00:55:37.870358,63.53,63.56
2025-04-07 00:55:39.653067,63.52,63.55
2025-04-07 00:55:46.486796,63.53,63.56
2025-04-07 00:55:49.457800,63.52,63.55
2025-04-07 00:55:49.780236,63.54,63.57
2025-04-07 00:55:52.875894,63.53,63.56
2025-04-07 00:55:54.138129,63.54,63.57
2025-04-07 00:55:55.884155,63.55,63.58
2025-04-07 00:55:57.893577,63.58,63.61
2025-04-07 00:55:59.897014,63.59,63.62
2025-04-07 00:56:00.311481,63.58,63.61
2025-04-07 00:56:01.304297,63.57,63.6
2025-04-07 00:56:02.539562,63.58,63.61
2025-04-07 00:56:04.673187,63.57,63.6
2025-04-07 00:56:10.068894,63.58,63.61
2025-04-07 00:56:11.176665,63.57,63.6
2025-04-07 00:56:13.923916,63.56,63.59
2025-04-07 00:56:15.953294,63.57,63.6
2025-04-07 00:56:17.671440,63.58,63.61
2025-04-07 00:56:19.771450,63.6,63.63
2025-04-07 00:56:21.357834,63.61,63.64
2025-04-07 00:56:21.851842,63.6,63.63
2025-04-07 00:56:22.819265,63.61,63.64
2025-04-07 00:56:26.953271,63.6,63.63
2025-04-07 00:56:28.775862,63.61,63.64
2025-04-07 00:56:29.364556,63.62,63.65
2025-04-07 00:56:36.284151,63.63,63.66
2025-04-07 00:56:37.176538,63.62,63.65
2025-04-07 00:56:37.687497,63.63,63.66
2025-04-07 00:56:39.141400,63.61,63.64
2025-04-07 00:56:40.323830,63.62,63.65
2025-04-07 00:56:43.734477,63.61,63.64
2025-04-07 00:56:47.666433,63.62,63.65
2025-04-07 00:56:48.963882,63.63,63.66
2025-04-07 00:56:53.171054,63.62,63.65
2025-04-07 00:56:53.730290,63.63,63.66
2025-04-07 00:56:55.595113,63.62,63.65
2025-04-07 00:56:55.921519,63.63,63.66
2025-04-07 00:56:57.328940,63.62,63.65
2025-04-07 00:56:57.828517,63.61,63.64
2025-04-07 00:57:02.278041,63.65,63.68
2025-04-07 00:57:02.580824,63.63,63.66
2025-04-07 00:57:03.237063,63.64,63.67
2025-04-07 00:57:05.592571,63.65,63.68
2025-04-07 00:57:08.424310,63.66,63.69
2025-04-07 00:57:10.425018,63.64,63.67
2025-04-07 00:57:14.383093,63.65,63.68
2025-04-07 00:57:19.908035,63.66,63.69
2025-04-07 00:57:20.482764,63.67,63.7
2025-04-07 00:57:23.431278,63.66,63.69
2025-04-07 00:57:25.277082,63.65,63.68
2025-04-07 00:57:28.533958,63.63,63.66
2025-04-07 00:57:30.068732,63.62,63.65
2025-04-07 00:57:32.535688,63.61,63.64
2025-04-07 00:57:38.027341,63.62,63.65
2025-04-07 00:57:39.671133,63.61,63.64
2025-04-07 00:57:41.953933,63.62,63.65
2025-04-07 00:57:43.560850,63.61,63.64
2025-04-07 00:57:52.775461,63.62,63.65
2025-04-07 00:57:56.347940,63.64,63.67
2025-04-07 00:57:59.595680,63.63,63.66
2025-04-07 00:58:00.093785,63.64,63.67
2025-04-07 00:58:00.817883,63.65,63.68
2025-04-07 00:58:02.831991,63.66,63.69
2025-04-07 00:58:03.165974,63.65,63.68
2025-04-07 00:58:10.423162,63.66,63.69
2025-04-07 00:58:19.702379,63.67,63.7
2025-04-07 00:58:21.805016,63.66,63.69
2025-04-07 00:58:22.772684,63.67,63.7
2025-04-07 00:58:23.160286,63.68,63.71
2025-04-07 00:58:24.941696,63.67,63.7
2025-04-07 00:58:25.840520,63.68,63.71
2025-04-07 00:58:26.953342,63.67,63.7
2025-04-07 00:58:28.501233,63.65,63.68
2025-04-07 00:58:38.494955,63.64,63.67
2025-04-07 00:58:45.338312,63.63,63.66
2025-04-07 00:58:45.834205,63.62,63.65
2025-04-07 00:58:48.484083,63.61,63.64
2025-04-07 00:58:49.772159,63.62,63.65
2025-04-07 00:58:51.735382,63.61,63.64
2025-04-07 00:58:55.623244,63.62,63.65
2025-04-07 00:58:59.597786,63.61,63.64
2025-04-07 00:59:01.475220,63.62,63.65
2025-04-07 00:59:03.058740,63.61,63.64
2025-04-07 00:59:04.427254,63.63,63.66
2025-04-07 00:59:05.109482,63.62,63.65
2025-04-07 00:59:05.605260,63.64,63.67
2025-04-07 00:59:06.915530,63.65,63.68
2025-04-07 00:59:07.521024,63.66,63.69
2025-04-07 00:59:11.329678,63.67,63.7
2025-04-07 00:59:11.989520,63.68,63.71
2025-04-07 00:59:12.535984,63.66,63.69
2025-04-07 00:59:13.036890,63.67,63.7
2025-04-07 00:59:13.401647,63.66,63.69
2025-04-07 00:59:15.189393,63.65,63.68
2025-04-07 00:59:18.219818,63.64,63.67
2025-04-07 00:59:19.870649,63.65,63.68
2025-04-07 00:59:23.501788,63.64,63.67
2025-04-07 00:59:29.678190,63.65,63.68
2025-04-07 00:59:31.042590,63.64,63.67
2025-04-07 00:59:32.691817,63.63,63.66
2025-04-07 00:59:35.124527,63.61,63.64
2025-04-07 00:59:37.849018,63.62,63.65
2025-04-07 01:00:01.572903,63.57,63.6
2025-04-07 01:00:01.682352,63.54,63.57
2025-04-07 01:00:01.892717,63.53,63.56
2025-04-07 01:00:02.526861,63.52,63.55
2025-04-07 01:00:04.569135,63.53,63.56
2025-04-07 01:00:05.667527,63.55,63.58
2025-04-07 01:00:06.885362,63.56,63.59
2025-04-07 01:00:07.182413,63.57,63.6
2025-04-07 01:00:08.176847,63.58,63.61
2025-04-07 01:00:13.559148,63.6,63.63
2025-04-07 01:00:14.028057,63.56,63.59
2025-04-07 01:00:15.240711,63.54,63.57
2025-04-07 01:00:18.329496,63.55,63.58
2025-04-07 01:00:20.300582,63.54,63.57
2025-04-07 01:00:20.694864,63.55,63.58
2025-04-07 01:00:21.788562,63.57,63.6
2025-04-07 01:00:23.169653,63.58,63.61
2025-04-07 01:00:25.365540,63.57,63.6
2025-04-07 01:00:27.907687,63.56,63.59
2025-04-07 01:00:31.475054,63.57,63.6
2025-04-07 01:00:45.875877,63.56,63.59
2025-04-07 01:00:48.975570,63.55,63.58
2025-04-07 01:00:49.893932,63.57,63.6
2025-04-07 01:00:53.784621,63.56,63.59
2025-04-07 01:01:00.218569,63.54,63.57
2025-04-07 01:01:01.541203,63.55,63.58
2025-04-07 01:01:01.929746,63.56,63.59
2025-04-07 01:01:03.423640,63.57,63.6
2025-04-07 01:01:09.106656,63.56,63.59
2025-04-07 01:01:10.303393,63.54,63.57
2025-04-07 01:01:12.452836,63.52,63.55
2025-04-07 01:01:13.778726,63.51,63.54
2025-04-07 01:01:14.070493,63.53,63.56
2025-04-07 01:01:16.432921,63.54,63.57
2025-04-07 01:01:18.123313,63.53,63.56
2025-04-07 01:01:21.174101,63.52,63.55
2025-04-07 01:01:23.683613,63.5,63.53
2025-04-07 01:01:25.045717,63.52,63.55
2025-04-07 01:01:26.882302,63.53,63.56
2025-04-07 01:01:31.053139,63.52,63.55
2025-04-07 01:01:31.474500,63.51,63.54
2025-04-07 01:01:35.054723,63.52,63.55
2025-04-07 01:01:37.000182,63.53,63.56
2025-04-07 01:01:38.193479,63.54,63.57
2025-04-07 01:01:39.057914,63.55,63.58
2025-04-07 01:01:40.152765,63.54,63.57
2025-04-07 01:01:44.486468,63.55,63.58
2025-04-07 01:01:45.887915,63.54,63.57
2025-04-07 01:01:46.994237,63.55,63.58
2025-04-07 01:01:58.169604,63.54,63.57
2025-04-07 01:01:58.969647,63.55,63.58
2025-04-07 01:01:59.369641,63.54,63.57
2025-04-07 01:01:59.767001,63.55,63.58
2025-04-07 01:02:02.498310,63.56,63.59
2025-04-07 01:02:02.784620,63.57,63.6
2025-04-07 01:02:03.316887,63.56,63.59
2025-04-07 01:02:05.371016,63.55,63.58
2025-04-07 01:02:10.110887,63.56,63.59
2025-04-07 01:02:11.949484,63.57,63.6
2025-04-07 01:02:12.987710,63.56,63.59
2025-04-07 01:02:14.881211,63.57,63.6
2025-04-07 01:02:15.611341,63.56,63.59
2025-04-07 01:02:17.739733,63.57,63.6
2025-04-07 01:02:18.400534,63.56,63.59
2025-04-07 01:02:19.102995,63.58,63.61
2025-04-07 01:02:19.346033,63.57,63.6
2025-04-07 01:02:20.848637,63.58,63.61
2025-04-07 01:02:22.368182,63.57,63.6
2025-04-07 01:02:24.476737,63.58,63.61
2025-04-07 01:02:25.131089,63.57,63.6
2025-04-07 01:02:26.538114,63.56,63.59
2025-04-07 01:02:28.319803,63.57,63.6
2025-04-07 01:02:28.550881,63.56,63.59
2025-04-07 01:02:30.615909,63.54,63.57
2025-04-07 01:02:33.891680,63.55,63.58
2025-04-07 01:02:34.315816,63.54,63.57
2025-04-07 01:02:37.001302,63.55,63.58
2025-04-07 01:02:37.535271,63.56,63.59
2025-04-07 01:02:41.185076,63.57,63.6
2025-04-07 01:02:41.416547,63.58,63.61
2025-04-07 01:02:42.163752,63.57,63.6
2025-04-07 01:02:43.336125,63.58,63.61
2025-04-07 01:02:44.085351,63.59,63.62
2025-04-07 01:02:46.617555,63.58,63.61
2025-04-07 01:02:49.918943,63.57,63.6
2025-04-07 01:02:51.224424,63.58,63.61
2025-04-07 01:02:53.110075,63.57,63.6
2025-04-07 01:03:02.967027,63.58,63.61
2025-04-07 01:03:03.355760,63.57,63.6
2025-04-07 01:03:06.704499,63.56,63.59
2025-04-07 01:03:09.336026,63.57,63.6
2025-04-07 01:03:10.365904,63.56,63.59
2025-04-07 01:03:12.733874,63.55,63.58
2025-04-07 01:03:13.966714,63.54,63.57
2025-04-07 01:03:14.740192,63.53,63.56
2025-04-07 01:03:16.052677,63.54,63.57
2025-04-07 01:03:23.221675,63.55,63.58
2025-04-07 01:03:28.501064,63.54,63.57
2025-04-07 01:03:29.567820,63.55,63.58
2025-04-07 01:03:29.805274,63.56,63.59
2025-04-07 01:03:33.758854,63.55,63.58
2025-04-07 01:03:35.641328,63.54,63.57
2025-04-07 01:03:36.421065,63.53,63.56
2025-04-07 01:03:40.445756,63.54,63.57
2025-04-07 01:03:43.381514,63.53,63.56
2025-04-07 01:03:44.033288,63.52,63.55
2025-04-07 01:03:44.851562,63.53,63.56
2025-04-07 01:03:45.181091,63.58,63.61
2025-04-07 01:03:45.618343,63.59,63.62
2025-04-07 01:03:46.617537,63.58,63.61
2025-04-07 01:03:47.863036,63.57,63.6
2025-04-07 01:03:58.430579,63.56,63.59
2025-04-07 01:03:59.202506,63.57,63.6
2025-04-07 01:03:59.901247,63.56,63.59
2025-04-07 01:04:10.865683,63.57,63.6
2025-04-07 01:04:15.240614,63.56,63.59
2025-04-07 01:04:17.133711,63.57,63.6
2025-04-07 01:04:19.000719,63.58,63.61
2025-04-07 01:04:19.863414,63.57,63.6
2025-04-07 01:04:20.463875,63.58,63.61
2025-04-07 01:04:21.315899,63.57,63.6
2025-04-07 01:04:23.594869,63.56,63.59
2025-04-07 01:04:27.418029,63.57,63.6
2025-04-07 01:04:29.716366,63.56,63.59
2025-04-07 01:04:30.948897,63.55,63.58
2025-04-07 01:04:32.004553,63.56,63.59
2025-04-07 01:04:33.303684,63.55,63.58
2025-04-07 01:04:36.181367,63.56,63.59
2025-04-07 01:04:41.535037,63.55,63.58
2025-04-07 01:04:42.167141,63.56,63.59
2025-04-07 01:04:51.616667,63.57,63.6
2025-04-07 01:04:53.075578,63.56,63.59
2025-04-07 01:04:56.165660,63.55,63.58
2025-04-07 01:05:01.268158,63.56,63.59
2025-04-07 01:05:05.916932,63.57,63.6
2025-04-07 01:05:07.222849,63.58,63.61
2025-04-07 01:05:09.525974,63.59,63.62
2025-04-07 01:05:13.119899,63.58,63.61
2025-04-07 01:05:14.996335,63.59,63.62
2025-04-07 01:05:18.943950,63.58,63.61
2025-04-07 01:05:21.500020,63.57,63.6
2025-04-07 01:05:29.862341,63.56,63.59
2025-04-07 01:05:34.105410,63.55,63.58
2025-04-07 01:05:35.509689,63.56,63.59
2025-04-07 01:05:41.361077,63.55,63.58
2025-04-07 01:05:42.605399,63.56,63.59
2025-04-07 01:05:56.128942,63.55,63.58
2025-04-07 01:05:57.632833,63.56,63.59
2025-04-07 01:06:07.129151,63.57,63.6
2025-04-07 01:06:07.462728,63.56,63.59
2025-04-07 01:06:07.878732,63.57,63.6
2025-04-07 01:06:13.417934,63.56,63.59
2025-04-07 01:06:21.268969,63.57,63.6
2025-04-07 01:06:21.397078,63.58,63.61
2025-04-07 01:06:21.991994,63.57,63.6
2025-04-07 01:06:23.632520,63.58,63.61
2025-04-07 01:06:33.653793,63.59,63.62
2025-04-07 01:06:35.064605,63.6,63.63
2025-04-07 01:06:35.615348,63.61,63.64
2025-04-07 01:06:35.980378,63.63,63.66
2025-04-07 01:06:36.283205,63.62,63.65
2025-04-07 01:06:36.719547,63.63,63.66
2025-04-07 01:06:37.328658,63.62,63.65
2025-04-07 01:06:38.199250,63.63,63.66
2025-04-07 01:06:39.197389,63.64,63.67
2025-04-07 01:06:40.489909,63.65,63.68
2025-04-07 01:06:45.240237,63.63,63.66
2025-04-07 01:06:45.665782,63.64,63.67
2025-04-07 01:06:46.750207,63.65,63.68
2025-04-07 01:06:47.096067,63.66,63.69
2025-04-07 01:06:48.539305,63.68,63.71
2025-04-07 01:06:48.929437,63.67,63.7
2025-04-07 01:06:49.596677,63.68,63.71
2025-04-07 01:06:54.974584,63.69,63.72
2025-04-07 01:06:57.354924,63.7,63.73
2025-04-07 01:06:57.951086,63.72,63.75
2025-04-07 01:06:58.457050,63.7,63.73
2025-04-07 01:06:59.862073,63.71,63.74
2025-04-07 01:07:00.483069,63.7,63.73
2025-04-07 01:07:04.482367,63.71,63.74
2025-04-07 01:07:05.308906,63.7,63.73
2025-04-07 01:07:07.471453,63.71,63.74
2025-04-07 01:07:07.861504,63.7,63.73
2025-04-07 01:07:08.566565,63.71,63.74
2025-04-07 01:07:09.082347,63.7,63.73
2025-04-07 01:07:09.863486,63.69,63.72
2025-04-07 01:07:11.233110,63.7,63.73
2025-04-07 01:07:12.433551,63.71,63.74
2025-04-07 01:07:17.941124,63.72,63.75
2025-04-07 01:07:19.732034,63.71,63.74
2025-04-07 01:07:20.564825,63.72,63.75
2025-04-07 01:07:21.881497,63.71,63.74
2025-04-07 01:07:25.662108,63.72,63.75
2025-04-07 01:07:33.388662,63.71,63.74
2025-04-07 01:07:33.530478,63.72,63.75
2025-04-07 01:07:34.270113,63.71,63.74
2025-04-07 01:07:35.000272,63.76,63.79
2025-04-07 01:07:35.526399,63.77,63.8
2025-04-07 01:07:36.139523,63.78,63.81
2025-04-07 01:07:40.810959,63.77,63.8
2025-04-07 01:07:42.256914,63.76,63.79
2025-04-07 01:07:42.469322,63.78,63.81
2025-04-07 01:07:43.210105,63.77,63.8
2025-04-07 01:07:44.673600,63.78,63.81
2025-04-07 01:07:45.730116,63.77,63.8
2025-04-07 01:07:45.958429,63.76,63.79
2025-04-07 01:07:47.028773,63.78,63.81
2025-04-07 01:07:49.664334,63.75,63.78
2025-04-07 01:07:49.993451,63.76,63.79
2025-04-07 01:07:51.729014,63.75,63.78
2025-04-07 01:07:52.782851,63.76,63.79
2025-04-07 01:07:56.572016,63.78,63.81
2025-04-07 01:08:00.111556,63.77,63.8
2025-04-07 01:08:02.880395,63.76,63.79
2025-04-07 01:08:03.100085,63.75,63.78
2025-04-07 01:08:03.889060,63.78,63.81
2025-04-07 01:08:04.196932,63.77,63.8
2025-04-07 01:08:04.972494,63.76,63.79
2025-04-07 01:08:06.729529,63.77,63.8
2025-04-07 01:08:08.030096,63.76,63.79
2025-04-07 01:08:12.730324,63.77,63.8
2025-04-07 01:08:13.628939,63.78,63.81
2025-04-07 01:08:14.050323,63.81,63.84
2025-04-07 01:08:14.973907,63.82,63.85
2025-04-07 01:08:15.230820,63.8,63.83
2025-04-07 01:08:15.744964,63.77,63.8
2025-04-07 01:08:16.570775,63.79,63.82
2025-04-07 01:08:17.510953,63.8,63.83
2025-04-07 01:08:20.393774,63.79,63.82
2025-04-07 01:08:20.742123,63.78,63.81
2025-04-07 01:08:22.042608,63.77,63.8
2025-04-07 01:08:22.779000,63.79,63.82
2025-04-07 01:08:24.075614,63.8,63.83
2025-04-07 01:08:24.513008,63.82,63.85
2025-04-07 01:08:25.666012,63.81,63.84
2025-04-07 01:08:27.213202,63.82,63.85
2025-04-07 01:08:28.242986,63.81,63.84
2025-04-07 01:08:30.130078,63.83,63.86
2025-04-07 01:08:31.201893,63.82,63.85
2025-04-07 01:08:31.414903,63.81,63.84
2025-04-07 01:08:33.716481,63.8,63.83
2025-04-07 01:08:34.049061,63.81,63.84
2025-04-07 01:08:35.395944,63.8,63.83
2025-04-07 01:08:35.846248,63.79,63.82
2025-04-07 01:08:36.662772,63.8,63.83
2025-04-07 01:08:39.504903,63.79,63.82
2025-04-07 01:08:42.110231,63.78,63.81
2025-04-07 01:08:43.828227,63.75,63.78
2025-04-07 01:08:44.343991,63.76,63.79
2025-04-07 01:08:47.798455,63.77,63.8
2025-04-07 01:08:48.557686,63.76,63.79
2025-04-07 01:08:53.850826,63.75,63.78
2025-04-07 01:08:55.131583,63.76,63.79
2025-04-07 01:08:56.963715,63.75,63.78
2025-04-07 01:08:59.950296,63.76,63.79
2025-04-07 01:09:00.415723,63.75,63.78
2025-04-07 01:09:02.419177,63.74,63.77
2025-04-07 01:09:02.774879,63.77,63.8
2025-04-07 01:09:06.943706,63.76,63.79
2025-04-07 01:09:07.148300,63.75,63.78
2025-04-07 01:09:10.127854,63.76,63.79
2025-04-07 01:09:10.621100,63.77,63.8
2025-04-07 01:09:12.081132,63.78,63.81
2025-04-07 01:09:12.795120,63.77,63.8
2025-04-07 01:09:13.523008,63.78,63.81
2025-04-07 01:09:13.903000,63.77,63.8
2025-04-07 01:09:15.081786,63.78,63.81
2025-04-07 01:09:16.976377,63.8,63.83
2025-04-07 01:09:17.562159,63.79,63.82
2025-04-07 01:09:17.859661,63.8,63.83
2025-04-07 01:09:20.140241,63.81,63.84
2025-04-07 01:09:27.036212,63.82,63.85
2025-04-07 01:09:28.603819,63.83,63.86
2025-04-07 01:09:41.780346,63.82,63.85
2025-04-07 01:09:42.280858,63.81,63.84
2025-04-07 01:09:44.987723,63.82,63.85
2025-04-07 01:09:45.642153,63.81,63.84
2025-04-07 01:09:49.202063,63.8,63.83
2025-04-07 01:09:51.129557,63.79,63.82
2025-04-07 01:09:57.594013,63.78,63.81
2025-04-07 01:10:01.317652,63.8,63.83
2025-04-07 01:10:02.344362,63.79,63.82
2025-04-07 01:10:04.894181,63.78,63.81
2025-04-07 01:10:07.257566,63.79,63.82
2025-04-07 01:10:08.153876,63.78,63.81
2025-04-07 01:10:09.048801,63.79,63.82
2025-04-07 01:10:11.561005,63.78,63.81
2025-04-07 01:10:15.713357,63.79,63.82
2025-04-07 01:10:16.232655,63.81,63.84
2025-04-07 01:10:16.699579,63.82,63.85
2025-04-07 01:10:19.701090,63.83,63.86
2025-04-07 01:10:24.344465,63.84,63.87
2025-04-07 01:10:29.189719,63.83,63.86
2025-04-07 01:10:29.685234,63.84,63.87
2025-04-07 01:10:37.553630,63.83,63.86
2025-04-07 01:10:40.609078,63.84,63.87
2025-04-07 01:10:45.954741,63.86,63.89
2025-04-07 01:10:50.718676,63.85,63.88
2025-04-07 01:10:53.039513,63.84,63.87
2025-04-07 01:10:53.288862,63.85,63.88
2025-04-07 01:10:55.298194,63.84,63.87
2025-04-07 01:10:56.370105,63.85,63.88
2025-04-07 01:10:59.624452,63.86,63.89
2025-04-07 01:10:59.945124,63.88,63.91
2025-04-07 01:11:00.392541,63.87,63.9
2025-04-07 01:11:01.674578,63.86,63.89
2025-04-07 01:11:08.980693,63.88,63.91
2025-04-07 01:11:09.844355,63.87,63.9
2025-04-07 01:11:12.251858,63.88,63.91
2025-04-07 01:11:12.745307,63.91,63.94
2025-04-07 01:11:14.609608,63.9,63.93
2025-04-07 01:11:16.744207,63.91,63.94
2025-04-07 01:11:18.025842,63.9,63.93
2025-04-07 01:11:22.174737,63.89,63.92
2025-04-07 01:11:25.898488,63.88,63.91
2025-04-07 01:11:28.079002,63.86,63.89
2025-04-07 01:11:28.492675,63.87,63.9
2025-04-07 01:11:29.887849,63.84,63.87
2025-04-07 01:11:31.608788,63.83,63.86
2025-04-07 01:11:32.101909,63.82,63.85
2025-04-07 01:11:34.447622,63.85,63.88
2025-04-07 01:11:36.658395,63.87,63.9
2025-04-07 01:11:37.088679,63.88,63.91
2025-04-07 01:11:38.144793,63.89,63.92
2025-04-07 01:11:39.646855,63.9,63.93
2025-04-07 01:11:46.206854,63.89,63.92
2025-04-07 01:11:46.942254,63.9,63.93
2025-04-07 01:11:48.404335,63.89,63.92
2025-04-07 01:11:49.674058,63.92,63.95
2025-04-07 01:11:53.099111,63.91,63.94
2025-04-07 01:11:53.750069,63.9,63.93
2025-04-07 01:11:55.107478,63.91,63.94
2025-04-07 01:11:59.704647,63.92,63.95
2025-04-07 01:12:01.212635,63.93,63.96
2025-04-07 01:12:01.994058,63.94,63.97
2025-04-07 01:12:03.113911,63.93,63.96
2025-04-07 01:12:04.654273,63.92,63.95
2025-04-07 01:12:07.471237,63.91,63.94
2025-04-07 01:12:08.037131,63.92,63.95
2025-04-07 01:12:11.507888,63.94,63.97
2025-04-07 01:12:13.493241,63.93,63.96
2025-04-07 01:12:14.487889,63.94,63.97
2025-04-07 01:12:15.493089,63.91,63.94
2025-04-07 01:12:16.041409,63.92,63.95
2025-04-07 01:12:16.838485,63.95,63.98
2025-04-07 01:12:18.529103,63.94,63.97
2025-04-07 01:12:22.108681,63.95,63.98
2025-04-07 01:12:24.463715,63.94,63.97
2025-04-07 01:12:32.604724,63.95,63.98
2025-04-07 01:12:36.039377,63.96,63.99
2025-04-07 01:12:37.045765,63.95,63.98
2025-04-07 01:12:38.541310,63.91,63.94
2025-04-07 01:12:40.035154,63.9,63.93
2025-04-07 01:12:43.148010,63.91,63.94
2025-04-07 01:12:45.022742,63.92,63.95
2025-04-07 01:12:45.836439,63.93,63.96
2025-04-07 01:12:51.954608,63.92,63.95
2025-04-07 01:12:53.416279,63.9,63.93
2025-04-07 01:12:53.918281,63.89,63.92
2025-04-07 01:12:54.875141,63.9,63.93
2025-04-07 01:12:58.059686,63.89,63.92
2025-04-07 01:12:59.125018,63.9,63.93
2025-04-07 01:13:00.810291,63.89,63.92
2025-04-07 01:13:01.722458,63.9,63.93
2025-04-07 01:13:03.250277,63.87,63.9
2025-04-07 01:13:06.677570,63.86,63.89
2025-04-07 01:13:07.592589,63.89,63.92
2025-04-07 01:13:09.246407,63.9,63.93
2025-04-07 01:13:10.631224,63.89,63.92
2025-04-07 01:13:12.802930,63.88,63.91
2025-04-07 01:13:14.360249,63.89,63.92
2025-04-07 01:13:15.070563,63.88,63.91
2025-04-07 01:13:16.542109,63.87,63.9
2025-04-07 01:13:18.906982,63.86,63.89
2025-04-07 01:13:19.306853,63.87,63.9
2025-04-07 01:13:20.093034,63.86,63.89
2025-04-07 01:13:26.413071,63.85,63.88
2025-04-07 01:13:30.212462,63.86,63.89
2025-04-07 01:13:31.171678,63.85,63.88
2025-04-07 01:13:31.985457,63.84,63.87
2025-04-07 01:13:34.003075,63.83,63.86
2025-04-07 01:13:36.208571,63.82,63.85
2025-04-07 01:13:38.006034,63.81,63.84
2025-04-07 01:13:40.027034,63.83,63.86
2025-04-07 01:13:40.752608,63.82,63.85
2025-04-07 01:13:41.072802,63.83,63.86
2025-04-07 01:13:47.989569,63.84,63.87
2025-04-07 01:13:51.985864,63.85,63.88
2025-04-07 01:13:54.572963,63.86,63.89
2025-04-07 01:13:58.720708,63.87,63.9
2025-04-07 01:14:01.644591,63.88,63.91
2025-04-07 01:14:04.399963,63.89,63.92
2025-04-07 01:14:07.173483,63.9,63.93
2025-04-07 01:14:14.474123,63.89,63.92
2025-04-07 01:14:16.290712,63.88,63.91
2025-04-07 01:14:17.655610,63.87,63.9
2025-04-07 01:14:18.485915,63.86,63.89
2025-04-07 01:14:19.201878,63.87,63.9
2025-04-07 01:14:20.439911,63.92,63.95
2025-04-07 01:14:23.103622,63.94,63.97
2025-04-07 01:14:25.303970,63.95,63.98
2025-04-07 01:14:27.891174,63.96,63.99
2025-04-07 01:14:28.788993,63.97,64.0
2025-04-07 01:14:30.157753,63.98,64.01
2025-04-07 01:14:31.382732,63.97,64.0
2025-04-07 01:14:32.033826,63.98,64.01
2025-04-07 01:14:33.088374,63.97,64.0
2025-04-07 01:14:34.300780,63.98,64.01
2025-04-07 01:14:36.122755,63.97,64.0
2025-04-07 01:14:38.275999,63.96,63.99
2025-04-07 01:14:38.574172,63.95,63.98
2025-04-07 01:14:40.118840,63.94,63.97
2025-04-07 01:14:40.377751,63.93,63.96
2025-04-07 01:14:43.571767,63.92,63.95
2025-04-07 01:14:44.503887,63.91,63.94
2025-04-07 01:14:46.338469,63.92,63.95
2025-04-07 01:14:50.539529,63.93,63.96
2025-04-07 01:14:55.904706,63.94,63.97
2025-04-07 01:15:00.356470,63.93,63.96
2025-04-07 01:15:00.885192,63.92,63.95
2025-04-07 01:15:05.620653,63.95,63.98
2025-04-07 01:15:08.244757,63.94,63.97
2025-04-07 01:15:10.605485,63.93,63.96
2025-04-07 01:15:12.570297,63.91,63.94
2025-04-07 01:15:19.631905,63.9,63.93
2025-04-07 01:15:19.915014,63.91,63.94
2025-04-07 01:15:20.757600,63.9,63.93
2025-04-07 01:15:20.971100,63.91,63.94
2025-04-07 01:15:23.602023,63.9,63.93
2025-04-07 01:15:26.037516,63.91,63.94
2025-04-07 01:15:32.328256,63.9,63.93
2025-04-07 01:15:33.654973,63.91,63.94
2025-04-07 01:15:36.638820,63.92,63.95
2025-04-07 01:15:38.312057,63.93,63.96
2025-04-07 01:15:43.137266,63.92,63.95
2025-04-07 01:15:47.319882,63.91,63.94
2025-04-07 01:15:47.752942,63.9,63.93
2025-04-07 01:15:48.137102,63.89,63.92
2025-04-07 01:15:48.451237,63.87,63.9
2025-04-07 01:15:53.179101,63.88,63.91
2025-04-07 01:15:53.904501,63.89,63.92
2025-04-07 01:15:54.401331,63.9,63.93
2025-04-07 01:15:55.630753,63.89,63.92
2025-04-07 01:15:56.300858,63.9,63.93
2025-04-07 01:15:56.908267,63.91,63.94
2025-04-07 01:15:57.203210,63.92,63.95
2025-04-07 01:15:57.576898,63.91,63.94
2025-04-07 01:15:58.922070,63.9,63.93
2025-04-07 01:15:59.191362,63.91,63.94
2025-04-07 01:15:59.713632,63.9,63.93
2025-04-07 01:16:00.613186,63.89,63.92
2025-04-07 01:16:00.941218,63.88,63.91
2025-04-07 01:16:01.716348,63.89,63.92
2025-04-07 01:16:01.983428,63.9,63.93
2025-04-07 01:16:02.515349,63.89,63.92
2025-04-07 01:16:02.857803,63.9,63.93
2025-04-07 01:16:03.291018,63.89,63.92
2025-04-07 01:16:04.071604,63.9,63.93
2025-04-07 01:16:06.749530,63.91,63.94
2025-04-07 01:16:06.971236,63.95,63.98
2025-04-07 01:16:09.853907,63.94,63.97
2025-04-07 01:16:12.309324,63.95,63.98
2025-04-07 01:16:13.691550,63.94,63.97
2025-04-07 01:16:14.259683,63.93,63.96
2025-04-07 01:16:14.860966,63.91,63.94
2025-04-07 01:16:15.559189,63.92,63.95
2025-04-07 01:16:16.747314,63.91,63.94
2025-04-07 01:16:17.141099,63.92,63.95
2025-04-07 01:16:17.705097,63.93,63.96
2025-04-07 01:16:18.623360,63.94,63.97
2025-04-07 01:16:23.791777,63.95,63.98
2025-04-07 01:16:26.622813,63.94,63.97
2025-04-07 01:16:28.687900,63.95,63.98
2025-04-07 01:16:29.843412,63.94,63.97
2025-04-07 01:16:30.680568,63.95,63.98
2025-04-07 01:16:31.593173,63.93,63.96
2025-04-07 01:16:32.613374,63.94,63.97
2025-04-07 01:16:32.956431,63.93,63.96
2025-04-07 01:16:35.017590,63.92,63.95
2025-04-07 01:16:37.202959,63.91,63.94
2025-04-07 01:16:38.834905,63.9,63.93
2025-04-07 01:16:39.309493,63.91,63.94
2025-04-07 01:16:40.239222,63.92,63.95
2025-04-07 01:16:40.689623,63.91,63.94
2025-04-07 01:16:44.187080,63.93,63.96
2025-04-07 01:16:45.632748,63.94,63.97
2025-04-07 01:16:45.942065,63.96,63.99
2025-04-07 01:16:48.232005,63.98,64.01
2025-04-07 01:16:48.639374,63.97,64.0
2025-04-07 01:16:53.320910,63.96,63.99
2025-04-07 01:16:58.816621,63.97,64.0
2025-04-07 01:16:59.537935,63.98,64.01
2025-04-07 01:17:00.470637,63.97,64.0
2025-04-07 01:17:03.509828,63.98,64.01
2025-04-07 01:17:07.319568,63.99,64.02
2025-04-07 01:17:07.758619,63.97,64.0
2025-04-07 01:17:09.713082,63.96,63.99
2025-04-07 01:17:10.011173,63.97,64.0
2025-04-07 01:17:12.817221,63.96,63.99
2025-04-07 01:17:13.651717,63.97,64.0
2025-04-07 01:17:18.569384,63.98,64.01
2025-04-07 01:17:19.246556,63.96,63.99
2025-04-07 01:17:19.492363,63.95,63.98
2025-04-07 01:17:20.424522,63.97,64.0
2025-04-07 01:17:22.300610,63.96,63.99
2025-04-07 01:17:25.138256,63.95,63.98
2025-04-07 01:17:25.878113,63.96,63.99
2025-04-07 01:17:26.807233,63.95,63.98
2025-04-07 01:17:32.417184,63.98,64.01
2025-04-07 01:17:35.296797,63.97,64.0
2025-04-07 01:17:35.982982,63.98,64.01
2025-04-07 01:17:36.185036,63.97,64.0
2025-04-07 01:17:37.805821,63.98,64.01
2025-04-07 01:17:41.386946,63.99,64.02
2025-04-07 01:17:41.984093,63.97,64.0
2025-04-07 01:17:43.718981,63.96,63.99
2025-04-07 01:17:46.108266,63.95,63.98
2025-04-07 01:17:47.063136,63.96,63.99
2025-04-07 01:17:52.841790,63.98,64.01
2025-04-07 01:18:06.411233,63.97,64.0
2025-04-07 01:18:12.290359,63.96,63.99
2025-04-07 01:18:14.151143,63.97,64.0
2025-04-07 01:18:15.949620,63.96,63.99
2025-04-07 01:18:15.999283,64.0,64.03
2025-04-07 01:18:16.254380,63.98,64.01
2025-04-07 01:18:18.270898,63.99,64.02
2025-04-07 01:18:21.935081,64.0,64.03
2025-04-07 01:18:23.967811,63.99,64.02
2025-04-07 01:18:24.462076,64.01,64.04
2025-04-07 01:18:25.571520,64.0,64.03
2025-04-07 01:18:26.867451,64.02,64.05
2025-04-07 01:18:27.238582,64.01,64.04
2025-04-07 01:18:33.304746,64.0,64.03
2025-04-07 01:18:33.660905,64.01,64.04
2025-04-07 01:18:33.884127,64.02,64.05
2025-04-07 01:18:35.784278,64.03,64.06
2025-04-07 01:18:36.153369,64.02,64.05
2025-04-07 01:18:37.107502,64.03,64.06
2025-04-07 01:18:37.326736,64.02,64.05
2025-04-07 01:18:38.285706,64.03,64.06
2025-04-07 01:18:38.537099,64.02,64.05
2025-04-07 01:18:43.084218,64.03,64.06
2025-04-07 01:18:45.316395,64.02,64.05
2025-04-07 01:18:46.039873,64.0,64.03
2025-04-07 01:18:47.022806,64.01,64.04
2025-04-07 01:18:48.461637,64.0,64.03
2025-04-07 01:18:49.469817,64.01,64.04
2025-04-07 01:18:51.251583,64.0,64.03
2025-04-07 01:18:52.372780,63.99,64.02
2025-04-07 01:18:53.820429,63.98,64.01
2025-04-07 01:18:54.019794,63.96,63.99
2025-04-07 01:18:54.836817,63.95,63.98
2025-04-07 01:18:55.320205,63.96,63.99
2025-04-07 01:18:57.601345,63.98,64.01
2025-04-07 01:18:58.301108,63.99,64.02
2025-04-07 01:18:59.037436,64.0,64.03
2025-04-07 01:19:02.285597,64.02,64.05
2025-04-07 01:19:04.306908,64.01,64.04
2025-04-07 01:19:06.101834,64.02,64.05
2025-04-07 01:19:06.554502,64.03,64.06
2025-04-07 01:19:10.602560,64.02,64.05
2025-04-07 01:19:11.183063,64.03,64.06
2025-04-07 01:19:11.549439,64.02,64.05
2025-04-07 01:19:14.821206,64.01,64.04
2025-04-07 01:19:22.872220,64.0,64.03
2025-04-07 01:19:24.548915,63.99,64.02
2025-04-07 01:19:25.215627,63.98,64.01
2025-04-07 01:19:25.712072,63.99,64.02
2025-04-07 01:19:26.716514,63.98,64.01
2025-04-07 01:19:27.333759,63.99,64.02
2025-04-07 01:19:28.128691,64.0,64.03
2025-04-07 01:19:32.828282,64.01,64.04
2025-04-07 01:19:33.618405,64.0,64.03
2025-04-07 01:19:37.419378,63.99,64.02
2025-04-07 01:19:39.166677,64.0,64.03
2025-04-07 01:19:39.770149,63.99,64.02
2025-04-07 01:19:40.250751,64.0,64.03
2025-04-07 01:19:40.765253,64.01,64.04
2025-04-07 01:19:45.535141,64.02,64.05
2025-04-07 01:19:48.716507,64.01,64.04
2025-04-07 01:19:50.111743,64.02,64.05
2025-04-07 01:19:52.784270,64.01,64.04
2025-04-07 01:19:54.399415,64.02,64.05
2025-04-07 01:19:59.198211,64.01,64.04
2025-04-07 01:20:03.798810,64.02,64.05
2025-04-07 01:20:04.198560,64.01,64.04
2025-04-07 01:20:07.765518,64.02,64.05
2025-04-07 01:20:11.900172,64.01,64.04
2025-04-07 01:20:18.106303,64.02,64.05
2025-04-07 01:20:19.286046,64.01,64.04
2025-04-07 01:20:21.966853,64.0,64.03
2025-04-07 01:20:22.937624,64.01,64.04
2025-04-07 01:20:25.200599,64.03,64.06
2025-04-07 01:20:26.754956,64.02,64.05
2025-04-07 01:20:27.243879,64.04,64.07
2025-04-07 01:20:28.366965,64.05,64.08
2025-04-07 01:20:30.348004,64.06,64.09
2025-04-07 01:20:31.610793,64.03,64.06
2025-04-07 01:20:41.232390,64.01,64.04
2025-04-07 01:20:42.846451,64.02,64.05
2025-04-07 01:20:47.809423,64.03,64.06
2025-04-07 01:20:48.027721,64.04,64.07
2025-04-07 01:20:48.403478,64.03,64.06
2025-04-07 01:20:48.786473,64.04,64.07
2025-04-07 01:20:49.436886,64.02,64.05
2025-04-07 01:20:50.115571,64.01,64.04
2025-04-07 01:20:55.045670,64.0,64.03
2025-04-07 01:20:55.270281,63.99,64.02
2025-04-07 01:20:55.367097,64.0,64.03
2025-04-07 01:20:56.568281,63.98,64.01
2025-04-07 01:20:57.110839,63.99,64.02
2025-04-07 01:21:02.377622,64.0,64.03
2025-04-07 01:21:07.273256,64.01,64.04
2025-04-07 01:21:07.566593,64.0,64.03
2025-04-07 01:21:07.969551,63.99,64.02
2025-04-07 01:21:12.419360,64.04,64.07
2025-04-07 01:21:16.101488,64.05,64.08
2025-04-07 01:21:16.698858,64.07,64.1
2025-04-07 01:21:24.345517,64.08,64.11
2025-04-07 01:21:26.308128,64.09,64.12
2025-04-07 01:21:26.384791,64.11,64.14
2025-04-07 01:21:26.830840,64.12,64.15
2025-04-07 01:21:27.054256,64.15,64.18
2025-04-07 01:21:28.454901,64.16,64.19
2025-04-07 01:21:30.346732,64.15,64.18
2025-04-07 01:21:33.903066,64.16,64.19
2025-04-07 01:21:34.856202,64.15,64.18
2025-04-07 01:21:36.070164,64.13,64.16
2025-04-07 01:21:36.734351,64.14,64.17
2025-04-07 01:21:37.393339,64.16,64.19
2025-04-07 01:21:37.636478,64.15,64.18
2025-04-07 01:21:40.077591,64.14,64.17
2025-04-07 01:21:40.500156,64.13,64.16
2025-04-07 01:21:41.598305,64.14,64.17
2025-04-07 01:21:42.318512,64.16,64.19
2025-04-07 01:21:43.839314,64.17,64.2
2025-04-07 01:21:44.630867,64.18,64.21
2025-04-07 01:21:45.633919,64.15,64.18
2025-04-07 01:21:47.038356,64.14,64.17
2025-04-07 01:21:49.057537,64.15,64.18
2025-04-07 01:21:49.257177,64.16,64.19
2025-04-07 01:21:50.044203,64.18,64.21
2025-04-07 01:21:51.132806,64.17,64.2
2025-04-07 01:21:51.719905,64.18,64.21
2025-04-07 01:21:52.263027,64.17,64.2
2025-04-07 01:21:52.985730,64.18,64.21
2025-04-07 01:21:53.822687,64.17,64.2
2025-04-07 01:21:54.044884,64.18,64.21
2025-04-07 01:21:54.808838,64.17,64.2
2025-04-07 01:21:55.032312,64.18,64.21
2025-04-07 01:21:58.918568,64.17,64.2
2025-04-07 01:22:00.621829,64.16,64.19
2025-04-07 01:22:01.814040,64.15,64.18
2025-04-07 01:22:02.617708,64.14,64.17
2025-04-07 01:22:02.936400,64.15,64.18
2025-04-07 01:22:03.416889,64.16,64.19
2025-04-07 01:22:03.612258,64.15,64.18
2025-04-07 01:22:03.870181,64.14,64.17
2025-04-07 01:22:04.418333,64.15,64.18
2025-04-07 01:22:11.488054,64.14,64.17
2025-04-07 01:22:12.315847,64.13,64.16
2025-04-07 01:22:14.079798,64.12,64.15
2025-04-07 01:22:22.079286,64.13,64.16
2025-04-07 01:22:23.289436,64.12,64.15
2025-04-07 01:22:26.241648,64.13,64.16
2025-04-07 01:22:26.455439,64.11,64.14
2025-04-07 01:22:26.600025,64.12,64.15
2025-04-07 01:22:29.509833,64.11,64.14
2025-04-07 01:22:30.218290,64.1,64.13
2025-04-07 01:22:32.326134,64.11,64.14
2025-04-07 01:22:34.139902,64.12,64.15
2025-04-07 01:22:35.221368,64.14,64.17
2025-04-07 01:22:35.922253,64.15,64.18
2025-04-07 01:22:36.394300,64.14,64.17
2025-04-07 01:22:36.682600,64.13,64.16
2025-04-07 01:22:37.476465,64.12,64.15
2025-04-07 01:22:37.955445,64.13,64.16
2025-04-07 01:22:39.985652,64.12,64.15
2025-04-07 01:22:40.288953,64.11,64.14
2025-04-07 01:22:41.099554,64.12,64.15
2025-04-07 01:22:41.618552,64.13,64.16
2025-04-07 01:22:45.282982,64.12,64.15
2025-04-07 01:22:47.031368,64.11,64.14
2025-04-07 01:22:52.023694,64.12,64.15
2025-04-07 01:22:53.528212,64.13,64.16
2025-04-07 01:22:56.060900,64.12,64.15
2025-04-07 01:22:57.295364,64.13,64.16
2025-04-07 01:22:58.688430,64.14,64.17
2025-04-07 01:22:59.629793,64.15,64.18
2025-04-07 01:23:00.129357,64.14,64.17
2025-04-07 01:23:00.948536,64.15,64.18
2025-04-07 01:23:01.795034,64.14,64.17
2025-04-07 01:23:03.879648,64.15,64.18
2025-04-07 01:23:04.174350,64.14,64.17
2025-04-07 01:23:04.651140,64.15,64.18
2025-04-07 01:23:06.347221,64.16,64.19
2025-04-07 01:23:07.062487,64.15,64.18
2025-04-07 01:23:07.845124,64.12,64.15
2025-04-07 01:23:10.278583,64.11,64.14
2025-04-07 01:23:13.413894,64.12,64.15
2025-04-07 01:23:14.113310,64.14,64.17
2025-04-07 01:23:16.474938,64.16,64.19
2025-04-07 01:23:17.529209,64.15,64.18
2025-04-07 01:23:23.045256,64.13,64.16
2025-04-07 01:23:25.926289,64.14,64.17
2025-04-07 01:23:29.748638,64.13,64.16
2025-04-07 01:23:30.462723,64.14,64.17
2025-04-07 01:23:32.061563,64.13,64.16
2025-04-07 01:23:32.288127,64.14,64.17
2025-04-07 01:23:33.226163,64.13,64.16
2025-04-07 01:23:39.230403,64.14,64.17
2025-04-07 01:23:39.703640,64.15,64.18
2025-04-07 01:23:41.161008,64.16,64.19
2025-04-07 01:23:42.367611,64.15,64.18
2025-04-07 01:23:42.758294,64.16,64.19
2025-04-07 01:23:44.099455,64.15,64.18
2025-04-07 01:23:45.758188,64.16,64.19
2025-04-07 01:23:48.632573,64.17,64.2
2025-04-07 01:23:51.678623,64.16,64.19
2025-04-07 01:23:52.337101,64.17,64.2
2025-04-07 01:23:57.496867,64.18,64.21
2025-04-07 01:23:59.592019,64.17,64.2
2025-04-07 01:24:02.684211,64.18,64.21
2025-04-07 01:24:02.908756,64.17,64.2
2025-04-07 01:24:05.244612,64.18,64.21
2025-04-07 01:24:08.882582,64.19,64.22
2025-04-07 01:24:09.110200,64.18,64.21
2025-04-07 01:24:10.149723,64.19,64.22
2025-04-07 01:24:14.565997,64.2,64.23
2025-04-07 01:24:16.069123,64.21,64.24
2025-04-07 01:24:16.819842,64.2,64.23
2025-04-07 01:24:18.450620,64.21,64.24
2025-04-07 01:24:19.876624,64.2,64.23
2025-04-07 01:24:23.033677,64.21,64.24
2025-04-07 01:24:24.214523,64.2,64.23
2025-04-07 01:24:25.105210,64.21,64.24
2025-04-07 01:24:26.647455,64.22,64.25
2025-04-07 01:24:26.943761,64.21,64.24
2025-04-07 01:24:27.594193,64.22,64.25
2025-04-07 01:24:28.142515,64.21,64.24
2025-04-07 01:24:29.392960,64.22,64.25
2025-04-07 01:24:31.568877,64.21,64.24
2025-04-07 01:24:32.894109,64.2,64.23
2025-04-07 01:24:33.838298,64.19,64.22
2025-04-07 01:24:34.543896,64.18,64.21
2025-04-07 01:24:35.806530,64.17,64.2
2025-04-07 01:24:36.943636,64.16,64.19
2025-04-07 01:24:37.671886,64.15,64.18
2025-04-07 01:24:39.150556,64.13,64.16
2025-04-07 01:24:39.437531,64.12,64.15
2025-04-07 01:24:44.582359,64.11,64.14
2025-04-07 01:24:46.040553,64.1,64.13
2025-04-07 01:24:47.284474,64.11,64.14
2025-04-07 01:24:48.430322,64.1,64.13
2025-04-07 01:24:48.996691,64.11,64.14
2025-04-07 01:24:50.977541,64.12,64.15
2025-04-07 01:24:53.121228,64.11,64.14
2025-04-07 01:24:55.162026,64.1,64.13
2025-04-07 01:24:55.590002,64.11,64.14
2025-04-07 01:24:57.315527,64.13,64.16
2025-04-07 01:24:58.940372,64.14,64.17
2025-04-07 01:24:59.449300,64.13,64.16
2025-04-07 01:24:59.962709,64.12,64.15
2025-04-07 01:25:01.595743,64.11,64.14
2025-04-07 01:25:04.068284,64.1,64.13
2025-04-07 01:25:07.360810,64.09,64.12
2025-04-07 01:25:08.340173,64.11,64.14
2025-04-07 01:25:09.154073,64.12,64.15
2025-04-07 01:25:10.728979,64.11,64.14
2025-04-07 01:25:11.480466,64.12,64.15
2025-04-07 01:25:11.755221,64.11,64.14
2025-04-07 01:25:18.108174,64.1,64.13
2025-04-07 01:25:19.133914,64.09,64.12
2025-04-07 01:25:21.277033,64.12,64.15
2025-04-07 01:25:21.584156,64.11,64.14
2025-04-07 01:25:22.722492,64.12,64.15
2025-04-07 01:25:23.707048,64.15,64.18
2025-04-07 01:25:24.369675,64.14,64.17
2025-04-07 01:25:25.199777,64.13,64.16
2025-04-07 01:25:26.562596,64.12,64.15
2025-04-07 01:25:29.840598,64.13,64.16
2025-04-07 01:25:30.035293,64.14,64.17
2025-04-07 01:25:31.392435,64.13,64.16
2025-04-07 01:25:37.856857,64.12,64.15
2025-04-07 01:25:39.878923,64.1,64.13
2025-04-07 01:25:40.455911,64.07,64.1
2025-04-07 01:25:41.072007,64.08,64.11
2025-04-07 01:25:42.577161,64.07,64.1
2025-04-07 01:25:44.639325,64.08,64.11
2025-04-07 01:25:48.024522,64.09,64.12
2025-04-07 01:25:52.336294,64.1,64.13
2025-04-07 01:25:56.716770,64.11,64.14
2025-04-07 01:25:57.343856,64.1,64.13
2025-04-07 01:25:57.833074,64.11,64.14
2025-04-07 01:25:58.258576,64.12,64.15
2025-04-07 01:25:59.316927,64.13,64.16
2025-04-07 01:25:59.765847,64.12,64.15
2025-04-07 01:26:06.387630,64.14,64.17
2025-04-07 01:26:07.148595,64.13,64.16
2025-04-07 01:26:07.971544,64.14,64.17
2025-04-07 01:26:08.180181,64.13,64.16
2025-04-07 01:26:09.404309,64.14,64.17
2025-04-07 01:26:10.867134,64.13,64.16
2025-04-07 01:26:11.125505,64.14,64.17
2025-04-07 01:26:16.029960,64.13,64.16
2025-04-07 01:26:22.990520,64.12,64.15
2025-04-07 01:26:23.282218,64.13,64.16
2025-04-07 01:26:23.759074,64.14,64.17
2025-04-07 01:26:24.563832,64.13,64.16
2025-04-07 01:26:27.370422,64.12,64.15
2025-04-07 01:26:28.302966,64.13,64.16
2025-04-07 01:26:28.589785,64.12,64.15
2025-04-07 01:26:29.769466,64.13,64.16
2025-04-07 01:26:30.268929,64.12,64.15
2025-04-07 01:26:32.929432,64.11,64.14
2025-04-07 01:26:33.752824,64.12,64.15
2025-04-07 01:26:38.191089,64.11,64.14
2025-04-07 01:26:38.376026,64.12,64.15
2025-04-07 01:26:42.301571,64.11,64.14
2025-04-07 01:26:43.775275,64.1,64.13
2025-04-07 01:26:46.240370,64.09,64.12
2025-04-07 01:26:46.886936,64.1,64.13
2025-04-07 01:26:48.711119,64.09,64.12
2025-04-07 01:26:51.664095,64.13,64.16
2025-04-07 01:26:52.062225,64.12,64.15
2025-04-07 01:26:55.742513,64.11,64.14
2025-04-07 01:26:56.957564,64.12,64.15
2025-04-07 01:26:58.350267,64.11,64.14
2025-04-07 01:26:59.554646,64.1,64.13
2025-04-07 01:26:59.824370,64.11,64.14
2025-04-07 01:27:00.587784,64.1,64.13
2025-04-07 01:27:01.179781,64.11,64.14
2025-04-07 01:27:01.774966,64.1,64.13
2025-04-07 01:27:02.637007,64.11,64.14
2025-04-07 01:27:03.553150,64.1,64.13
2025-04-07 01:27:04.099341,64.09,64.12
2025-04-07 01:27:06.683651,64.1,64.13
2025-04-07 01:27:06.865465,64.09,64.12
2025-04-07 01:27:08.604304,64.08,64.11
2025-04-07 01:27:08.817856,64.09,64.12
2025-04-07 01:27:10.154023,64.08,64.11
2025-04-07 01:27:10.733538,64.07,64.1
2025-04-07 01:27:11.074894,64.08,64.11
2025-04-07 01:27:11.502990,64.07,64.1
2025-04-07 01:27:15.038952,64.08,64.11
2025-04-07 01:27:20.793583,64.09,64.12
2025-04-07 01:27:26.143334,64.1,64.13
2025-04-07 01:27:27.372664,64.11,64.14
2025-04-07 01:27:29.064939,64.1,64.13
2025-04-07 01:27:29.496679,64.09,64.12
2025-04-07 01:27:29.997629,64.08,64.11
2025-04-07 01:27:30.247961,64.07,64.1
2025-04-07 01:27:32.297013,64.05,64.08
2025-04-07 01:27:33.756658,64.06,64.09
2025-04-07 01:27:34.172699,64.07,64.1
2025-04-07 01:27:39.828594,64.06,64.09
2025-04-07 01:27:40.135123,64.07,64.1
2025-04-07 01:27:41.619699,64.06,64.09
2025-04-07 01:27:42.964901,64.07,64.1
2025-04-07 01:27:43.256838,64.06,64.09
2025-04-07 01:27:43.600584,64.08,64.11
2025-04-07 01:27:49.083039,64.09,64.12
2025-04-07 01:27:49.112318,64.08,64.11
2025-04-07 01:27:49.771365,64.07,64.1
2025-04-07 01:27:59.643118,64.06,64.09
2025-04-07 01:28:09.276204,64.05,64.08
2025-04-07 01:28:09.774773,64.06,64.09
2025-04-07 01:28:14.221809,64.07,64.1
2025-04-07 01:28:14.387796,64.06,64.09
2025-04-07 01:28:16.957000,64.04,64.07
2025-04-07 01:28:17.408101,64.06,64.09
2025-04-07 01:28:17.637976,64.05,64.08
2025-04-07 01:28:18.592413,64.06,64.09
2025-04-07 01:28:19.257768,64.05,64.08
2025-04-07 01:28:23.548275,64.04,64.07
2025-04-07 01:28:24.334360,64.03,64.06
2025-04-07 01:28:28.117880,64.02,64.05
2025-04-07 01:28:29.898466,64.01,64.04
2025-04-07 01:28:30.982620,64.02,64.05
2025-04-07 01:28:35.848533,64.03,64.06
2025-04-07 01:28:37.143926,64.02,64.05
2025-04-07 01:28:45.522595,64.01,64.04
2025-04-07 01:28:52.726089,64.0,64.03
2025-04-07 01:28:53.641978,64.01,64.04
2025-04-07 01:28:55.019731,64.0,64.03
2025-04-07 01:28:55.674280,64.01,64.04
2025-04-07 01:28:58.127973,64.0,64.03
2025-04-07 01:28:59.155251,64.01,64.04
2025-04-07 01:28:59.654904,64.0,64.03
2025-04-07 01:28:59.938750,63.97,64.0
2025-04-07 01:29:01.026207,63.99,64.02
2025-04-07 01:29:02.155289,63.98,64.01
2025-04-07 01:29:07.397155,63.99,64.02
2025-04-07 01:29:12.184118,64.0,64.03
2025-04-07 01:29:14.551215,64.01,64.04
2025-04-07 01:29:15.934534,64.02,64.05
2025-04-07 01:29:18.778322,64.0,64.03
2025-04-07 01:29:19.010490,63.99,64.02
2025-04-07 01:29:21.684725,64.01,64.04
2025-04-07 01:29:25.290633,64.02,64.05
2025-04-07 01:29:28.360544,64.01,64.04
2025-04-07 01:29:33.955675,64.02,64.05
2025-04-07 01:29:35.099454,64.01,64.04
2025-04-07 01:29:38.083459,64.0,64.03
2025-04-07 01:29:38.862847,64.01,64.04
2025-04-07 01:29:39.719661,64.0,64.03
2025-04-07 01:29:40.328272,64.01,64.04
2025-04-07 01:29:45.719852,64.0,64.03
2025-04-07 01:29:46.707169,64.01,64.04
2025-04-07 01:29:48.747371,64.0,64.03
2025-04-07 01:29:50.636014,64.02,64.05
2025-04-07 01:29:53.338040,64.01,64.04
2025-04-07 01:29:54.024471,64.02,64.05
2025-04-07 01:29:55.653657,64.01,64.04
2025-04-07 01:29:55.830788,64.0,64.03
2025-04-07 01:29:57.740911,64.01,64.04
2025-04-07 01:29:59.624207,64.0,64.03
2025-04-07 01:30:02.650238,63.98,64.01
2025-04-07 01:30:04.172609,63.97,64.0
2025-04-07 01:30:05.259047,63.96,63.99
2025-04-07 01:30:05.463417,63.95,63.98
2025-04-07 01:30:06.655640,63.94,63.97
2025-04-07 01:30:07.092540,63.93,63.96
2025-04-07 01:30:07.255340,63.94,63.97
2025-04-07 01:30:08.611683,63.95,63.98
2025-04-07 01:30:10.620089,63.93,63.96
2025-04-07 01:30:11.333296,63.94,63.97
2025-04-07 01:30:13.004083,63.95,63.98
2025-04-07 01:30:14.302348,63.96,63.99
2025-04-07 01:30:14.973720,63.97,64.0
2025-04-07 01:30:15.091162,63.96,63.99
2025-04-07 01:30:15.421083,63.97,64.0
2025-04-07 01:30:17.681509,63.98,64.01
2025-04-07 01:30:22.042675,63.97,64.0
2025-04-07 01:30:22.309161,63.98,64.01
2025-04-07 01:30:22.542635,64.0,64.03
2025-04-07 01:30:23.193871,64.01,64.04
2025-04-07 01:30:23.593162,64.0,64.03
2025-04-07 01:30:24.385769,63.99,64.02
2025-04-07 01:30:25.304613,64.01,64.04
2025-04-07 01:30:26.967699,64.02,64.05
2025-04-07 01:30:31.534702,64.01,64.04
2025-04-07 01:30:36.122276,64.02,64.05
2025-04-07 01:30:40.222102,63.99,64.02
2025-04-07 01:30:41.101558,64.0,64.03
2025-04-07 01:30:41.305372,64.01,64.04
2025-04-07 01:30:41.991747,64.0,64.03
2025-04-07 01:30:44.436447,64.01,64.04
2025-04-07 01:30:44.963916,64.0,64.03
2025-04-07 01:30:45.526969,63.99,64.02
2025-04-07 01:30:46.399306,63.97,64.0
2025-04-07 01:30:48.800976,63.96,63.99
2025-04-07 01:30:50.854444,63.95,63.98
2025-04-07 01:30:52.156127,63.94,63.97
2025-04-07 01:30:53.105218,63.93,63.96
2025-04-07 01:30:54.847076,63.92,63.95
2025-04-07 01:30:55.485988,63.9,63.93
2025-04-07 01:30:56.499283,63.89,63.92
2025-04-07 01:30:57.622261,63.9,63.93
2025-04-07 01:30:57.898842,63.89,63.92
2025-04-07 01:30:58.422628,63.91,63.94
2025-04-07 01:30:59.419326,63.92,63.95
2025-04-07 01:31:02.187676,63.93,63.96
2025-04-07 01:31:03.591994,63.92,63.95
2025-04-07 01:31:06.013642,63.91,63.94
2025-04-07 01:31:07.125746,63.92,63.95
2025-04-07 01:31:09.844955,63.93,63.96
2025-04-07 01:31:11.638514,63.92,63.95
2025-04-07 01:31:12.094857,63.93,63.96
2025-04-07 01:31:15.757416,63.92,63.95
2025-04-07 01:31:20.700243,63.91,63.94
2025-04-07 01:31:25.359361,63.9,63.93
2025-04-07 01:31:26.623286,63.91,63.94
2025-04-07 01:31:28.171450,63.9,63.93
2025-04-07 01:31:30.492356,63.89,63.92
2025-04-07 01:31:30.987137,63.9,63.93
2025-04-07 01:31:31.721607,63.89,63.92
2025-04-07 01:31:36.271629,63.9,63.93
2025-04-07 01:31:37.576763,63.91,63.94
2025-04-07 01:31:39.767295,63.92,63.95
2025-04-07 01:31:41.535554,63.91,63.94
2025-04-07 01:31:42.421274,63.92,63.95
2025-04-07 01:31:43.636686,63.91,63.94
2025-04-07 01:31:45.639281,63.92,63.95
2025-04-07 01:31:46.020022,63.91,63.94
2025-04-07 01:31:47.183922,63.92,63.95
2025-04-07 01:31:55.296240,63.93,63.96
2025-04-07 01:31:59.373584,63.92,63.95
2025-04-07 01:32:04.365142,63.93,63.96
2025-04-07 01:32:07.609194,63.98,64.01
2025-04-07 01:32:08.199595,63.97,64.0
2025-04-07 01:32:08.417987,63.98,64.01
2025-04-07 01:32:09.750856,63.99,64.02
2025-04-07 01:32:10.309018,64.0,64.03
2025-04-07 01:32:14.807518,63.98,64.01
2025-04-07 01:32:15.068857,63.97,64.0
2025-04-07 01:32:15.455544,63.98,64.01
2025-04-07 01:32:16.321623,63.97,64.0
2025-04-07 01:32:16.550634,63.98,64.01
2025-04-07 01:32:18.501211,63.97,64.0
2025-04-07 01:32:22.646424,63.98,64.01
2025-04-07 01:32:22.870414,63.97,64.0
2025-04-07 01:32:23.165083,63.98,64.01
2025-04-07 01:32:23.661827,63.97,64.0
2025-04-07 01:32:29.681233,63.98,64.01
2025-04-07 01:32:35.870825,63.97,64.0
2025-04-07 01:32:36.504129,63.96,63.99
2025-04-07 01:32:38.139191,63.93,63.96
2025-04-07 01:32:38.424975,63.96,63.99
2025-04-07 01:32:41.922802,63.95,63.98
2025-04-07 01:32:46.684529,63.96,63.99
2025-04-07 01:32:52.457405,63.95,63.98
2025-04-07 01:32:53.758257,63.94,63.97
2025-04-07 01:32:55.280753,63.93,63.96
2025-04-07 01:32:56.186677,63.92,63.95
2025-04-07 01:33:00.500428,63.93,63.96
2025-04-07 01:33:11.983926,63.92,63.95
2025-04-07 01:33:12.569323,63.93,63.96
2025-04-07 01:33:13.387424,63.94,63.97
2025-04-07 01:33:18.105022,63.95,63.98
2025-04-07 01:33:20.315954,63.96,63.99
2025-04-07 01:33:21.017264,63.98,64.01
2025-04-07 01:33:21.634769,63.99,64.02
2025-04-07 01:33:22.714449,63.97,64.0
2025-04-07 01:33:23.939748,63.96,63.99
2025-04-07 01:33:24.536647,63.97,64.0
2025-04-07 01:33:25.580796,63.98,64.01
2025-04-07 01:33:31.876672,63.97,64.0
2025-04-07 01:33:32.309660,63.98,64.01
2025-04-07 01:33:32.622723,63.97,64.0
2025-04-07 01:33:32.879409,63.96,63.99
2025-04-07 01:33:34.933930,63.97,64.0
2025-04-07 01:33:35.900525,63.96,63.99
2025-04-07 01:33:36.958795,63.97,64.0
2025-04-07 01:33:48.359517,63.96,63.99
2025-04-07 01:33:49.681905,63.95,63.98
2025-04-07 01:33:51.547914,63.94,63.97
2025-04-07 01:33:52.904592,63.95,63.98
2025-04-07 01:33:53.397267,63.94,63.97
2025-04-07 01:33:57.055784,63.95,63.98
2025-04-07 01:34:00.130922,63.94,63.97
2025-04-07 01:34:02.355849,63.95,63.98
2025-04-07 01:34:02.626832,63.94,63.97
2025-04-07 01:34:04.512164,63.95,63.98
2025-04-07 01:34:06.396337,63.94,63.97
2025-04-07 01:34:09.310489,63.95,63.98
2025-04-07 01:34:09.709464,63.94,63.97
2025-04-07 01:34:11.759784,63.95,63.98
2025-04-07 01:34:20.420307,63.94,63.97
2025-04-07 01:34:22.258683,63.95,63.98
2025-04-07 01:34:26.835496,63.96,63.99
2025-04-07 01:34:27.673349,63.95,63.98
2025-04-07 01:34:29.171550,63.94,63.97
2025-04-07 01:34:30.768882,63.95,63.98
2025-04-07 01:34:36.929980,63.94,63.97
2025-04-07 01:34:40.878950,63.95,63.98
2025-04-07 01:34:45.076215,63.94,63.97
2025-04-07 01:34:47.929614,63.93,63.96
2025-04-07 01:34:49.596362,63.92,63.95
2025-04-07 01:34:51.041966,63.93,63.96
2025-04-07 01:34:51.680768,63.92,63.95
2025-04-07 01:34:52.104197,63.91,63.94
2025-04-07 01:34:52.954059,63.92,63.95
2025-04-07 01:34:59.387374,63.91,63.94
2025-04-07 01:35:03.632916,63.9,63.93
2025-04-07 01:35:04.537980,63.91,63.94
2025-04-07 01:35:05.439769,63.9,63.93
2025-04-07 01:35:06.483760,63.89,63.92
2025-04-07 01:35:07.476476,63.9,63.93
2025-04-07 01:35:08.427980,63.89,63.92
2025-04-07 01:35:11.431477,63.9,63.93
2025-04-07 01:35:11.732235,63.89,63.92
2025-04-07 01:35:13.744824,63.88,63.91
2025-04-07 01:35:17.148564,63.89,63.92
2025-04-07 01:35:20.766230,63.9,63.93
2025-04-07 01:35:23.554289,63.91,63.94
2025-04-07 01:35:25.251295,63.92,63.95
2025-04-07 01:35:25.879217,63.91,63.94
2025-04-07 01:35:26.598044,63.9,63.93
2025-04-07 01:35:26.865167,63.91,63.94
2025-04-07 01:35:27.644545,63.9,63.93
2025-04-07 01:35:31.771271,63.91,63.94
2025-04-07 01:35:32.097388,63.9,63.93
2025-04-07 01:35:33.264870,63.89,63.92
2025-04-07 01:35:34.611177,63.9,63.93
2025-04-07 01:35:38.951211,63.89,63.92
2025-04-07 01:35:40.298540,63.88,63.91
2025-04-07 01:35:43.302436,63.89,63.92
2025-04-07 01:35:46.167512,63.88,63.91
2025-04-07 01:35:46.546312,63.89,63.92
2025-04-07 01:35:48.417231,63.88,63.91
2025-04-07 01:36:00.201484,63.89,63.92
2025-04-07 01:36:02.026060,63.88,63.91
2025-04-07 01:36:02.531402,63.89,63.92
2025-04-07 01:36:02.756045,63.88,63.91
2025-04-07 01:36:02.932547,63.89,63.92
2025-04-07 01:36:04.554658,63.88,63.91
2025-04-07 01:36:04.916839,63.83,63.86
2025-04-07 01:36:06.051667,63.82,63.85
2025-04-07 01:36:06.369753,63.81,63.84
2025-04-07 01:36:08.847512,63.82,63.85
2025-04-07 01:36:09.372261,63.83,63.86
2025-04-07 01:36:10.399510,63.82,63.85
2025-04-07 01:36:12.136628,63.81,63.84
2025-04-07 01:36:12.406227,63.83,63.86
2025-04-07 01:36:13.701773,63.84,63.87
2025-04-07 01:36:14.668480,63.85,63.88
2025-04-07 01:36:14.902005,63.86,63.89
2025-04-07 01:36:15.881664,63.87,63.9
2025-04-07 01:36:16.697215,63.89,63.92
2025-04-07 01:36:17.293285,63.9,63.93
2025-04-07 01:36:19.166083,63.89,63.92
2025-04-07 01:36:19.634817,63.88,63.91
2025-04-07 01:36:21.415096,63.89,63.92
2025-04-07 01:36:21.701301,63.9,63.93
2025-04-07 01:36:23.255150,63.91,63.94
2025-04-07 01:36:23.512675,63.9,63.93
2025-04-07 01:36:24.632234,63.89,63.92
2025-04-07 01:36:24.934348,63.86,63.89
2025-04-07 01:36:28.231735,63.87,63.9
2025-04-07 01:36:30.115706,63.88,63.91
2025-04-07 01:36:32.015409,63.89,63.92
2025-04-07 01:36:35.428717,63.91,63.94
2025-04-07 01:36:35.914226,63.93,63.96
2025-04-07 01:36:37.326091,63.94,63.97
2025-04-07 01:36:37.472561,63.95,63.98
2025-04-07 01:36:43.882581,63.96,63.99
2025-04-07 01:36:45.216105,63.95,63.98
2025-04-07 01:36:48.627357,63.94,63.97
2025-04-07 01:36:49.121682,63.91,63.94
2025-04-07 01:36:51.828672,63.9,63.93
2025-04-07 01:36:54.366579,63.89,63.92
2025-04-07 01:36:56.040744,63.88,63.91
2025-04-07 01:36:56.452401,63.87,63.9
2025-04-07 01:36:58.871955,63.86,63.89
2025-04-07 01:36:59.641762,63.87,63.9
2025-04-07 01:37:00.553627,63.86,63.89
2025-04-07 01:37:00.767029,63.87,63.9
2025-04-07 01:37:02.449533,63.86,63.89
2025-04-07 01:37:03.361406,63.85,63.88
2025-04-07 01:37:08.099698,63.84,63.87
2025-04-07 01:37:08.250628,63.83,63.86
2025-04-07 01:37:14.448448,63.82,63.85
2025-04-07 01:37:15.635178,63.81,63.84
2025-04-07 01:37:18.183228,63.8,63.83
2025-04-07 01:37:19.381166,63.79,63.82
2025-04-07 01:37:20.347883,63.8,63.83
2025-04-07 01:37:24.298797,63.79,63.82
2025-04-07 01:37:29.271358,63.8,63.83
2025-04-07 01:37:31.717021,63.79,63.82
2025-04-07 01:37:32.247845,63.78,63.81
2025-04-07 01:37:34.446946,63.77,63.8
2025-04-07 01:37:34.690561,63.76,63.79
2025-04-07 01:37:37.489577,63.75,63.78
2025-04-07 01:37:38.822119,63.76,63.79
2025-04-07 01:37:44.457097,63.74,63.77
2025-04-07 01:37:46.199168,63.75,63.78
2025-04-07 01:37:49.295581,63.74,63.77
2025-04-07 01:37:53.802918,63.75,63.78
2025-04-07 01:38:02.015084,63.76,63.79
2025-04-07 01:38:02.597850,63.75,63.78
2025-04-07 01:38:03.774112,63.76,63.79
2025-04-07 01:38:04.011354,63.79,63.82
2025-04-07 01:38:04.428154,63.8,63.83
2025-04-07 01:38:05.907373,63.79,63.82
2025-04-07 01:38:06.212502,63.8,63.83
2025-04-07 01:38:10.741269,63.81,63.84
2025-04-07 01:38:15.257259,63.82,63.85
2025-04-07 01:38:15.546481,63.83,63.86
2025-04-07 01:38:15.834904,63.82,63.85
2025-04-07 01:38:16.083631,63.81,63.84
2025-04-07 01:38:18.578878,63.8,63.83
2025-04-07 01:38:19.327249,63.79,63.82
2025-04-07 01:38:19.893816,63.8,63.83
2025-04-07 01:38:20.154938,63.81,63.84
2025-04-07 01:38:22.068787,63.82,63.85
2025-04-07 01:38:25.551161,63.81,63.84
2025-04-07 01:38:26.949271,63.8,63.83
2025-04-07 01:38:32.363847,63.77,63.8
2025-04-07 01:38:42.925766,63.78,63.81
2025-04-07 01:38:44.368200,63.77,63.8
2025-04-07 01:38:46.105969,63.76,63.79
2025-04-07 01:38:48.020094,63.74,63.77
2025-04-07 01:38:48.625069,63.75,63.78
2025-04-07 01:38:50.388630,63.76,63.79
2025-04-07 01:38:50.892610,63.75,63.78
2025-04-07 01:38:54.142883,63.74,63.77
2025-04-07 01:38:56.870979,63.75,63.78
2025-04-07 01:38:57.398847,63.74,63.77
2025-04-07 01:38:58.101197,63.73,63.76
2025-04-07 01:38:58.399759,63.72,63.75
2025-04-07 01:38:59.467774,63.73,63.76
2025-04-07 01:39:00.895996,63.71,63.74
2025-04-07 01:39:03.104352,63.72,63.75
2025-04-07 01:39:04.128205,63.74,63.77
2025-04-07 01:39:06.333337,63.76,63.79
2025-04-07 01:39:07.388742,63.75,63.78
2025-04-07 01:39:08.549662,63.76,63.79
2025-04-07 01:39:10.327794,63.77,63.8
2025-04-07 01:39:11.533658,63.76,63.79
2025-04-07 01:39:12.109444,63.77,63.8
2025-04-07 01:39:13.192135,63.78,63.81
2025-04-07 01:39:15.969876,63.77,63.8
2025-04-07 01:39:17.333731,63.76,63.79
2025-04-07 01:39:17.840112,63.73,63.76
2025-04-07 01:39:19.216451,63.72,63.75
2025-04-07 01:39:26.475865,63.71,63.74
2025-04-07 01:39:31.132281,63.72,63.75
2025-04-07 01:39:32.230578,63.71,63.74
2025-04-07 01:39:36.245248,63.7,63.73
2025-04-07 01:39:38.163178,63.69,63.72
2025-04-07 01:39:40.984548,63.7,63.73
2025-04-07 01:39:42.506536,63.71,63.74
2025-04-07 01:39:42.833013,63.72,63.75
2025-04-07 01:39:45.360455,63.71,63.74
2025-04-07 01:39:48.255422,63.72,63.75
2025-04-07 01:39:48.860085,63.71,63.74
2025-04-07 01:39:49.822666,63.72,63.75
2025-04-07 01:39:52.123873,63.74,63.77
2025-04-07 01:39:53.357706,63.75,63.78
2025-04-07 01:39:57.098744,63.74,63.77
2025-04-07 01:40:00.096206,63.73,63.76
2025-04-07 01:40:00.811810,63.74,63.77
2025-04-07 01:40:02.868029,63.73,63.76
2025-04-07 01:40:03.237847,63.74,63.77
2025-04-07 01:40:05.864984,63.75,63.78
2025-04-07 01:40:08.546568,63.76,63.79
2025-04-07 01:40:11.955638,63.77,63.8
2025-04-07 01:40:13.301379,63.78,63.81
2025-04-07 01:40:13.686622,63.76,63.79
2025-04-07 01:40:14.604905,63.77,63.8
2025-04-07 01:40:15.376599,63.78,63.81
2025-04-07 01:40:16.568505,63.77,63.8
2025-04-07 01:40:22.314710,63.78,63.81
2025-04-07 01:40:22.595591,63.77,63.8
2025-04-07 01:40:23.860283,63.73,63.76
2025-04-07 01:40:24.852856,63.72,63.75
2025-04-07 01:40:25.098948,63.73,63.76
2025-04-07 01:40:26.657422,63.72,63.75
2025-04-07 01:40:28.925854,63.71,63.74
2025-04-07 01:40:33.095005,63.7,63.73
2025-04-07 01:40:37.728896,63.69,63.72
2025-04-07 01:40:40.749924,63.7,63.73
2025-04-07 01:40:41.945438,63.69,63.72
2025-04-07 01:40:43.082089,63.67,63.7
2025-04-07 01:40:43.297268,63.68,63.71
2025-04-07 01:40:44.237918,63.67,63.7
2025-04-07 01:40:45.153407,63.68,63.71
2025-04-07 01:40:46.261795,63.67,63.7
2025-04-07 01:40:46.546249,63.68,63.71
2025-04-07 01:40:47.463726,63.67,63.7
2025-04-07 01:40:47.793543,63.68,63.71
2025-04-07 01:40:48.597792,63.69,63.72
2025-04-07 01:40:49.413614,63.68,63.71
2025-04-07 01:40:49.658035,63.7,63.73
2025-04-07 01:40:51.760421,63.69,63.72
2025-04-07 01:40:52.029074,63.7,63.73
2025-04-07 01:40:54.124918,63.69,63.72
2025-04-07 01:40:56.677708,63.68,63.71
2025-04-07 01:40:59.007435,63.69,63.72
2025-04-07 01:40:59.512845,63.7,63.73
2025-04-07 01:40:59.940096,63.69,63.72
2025-04-07 01:41:03.711301,63.7,63.73
2025-04-07 01:41:06.427407,63.71,63.74
2025-04-07 01:41:11.608824,63.69,63.72
2025-04-07 01:41:12.375347,63.7,63.73
2025-04-07 01:41:12.674548,63.69,63.72
2025-04-07 01:41:18.779439,63.68,63.71
2025-04-07 01:41:20.862097,63.67,63.7
2025-04-07 01:41:21.411496,63.68,63.71
2025-04-07 01:41:21.993675,63.66,63.69
2025-04-07 01:41:22.457629,63.67,63.7
2025-04-07 01:41:22.991687,63.66,63.69
2025-04-07 01:41:24.525873,63.67,63.7
2025-04-07 01:41:29.303229,63.68,63.71
2025-04-07 01:41:30.818614,63.67,63.7
2025-04-07 01:41:35.550240,63.68,63.71
2025-04-07 01:41:38.969536,63.67,63.7
2025-04-07 01:41:40.294204,63.68,63.71
2025-04-07 01:41:41.478198,63.67,63.7
2025-04-07 01:41:42.441030,63.68,63.71
2025-04-07 01:41:42.791354,63.66,63.69
2025-04-07 01:41:44.055072,63.67,63.7
2025-04-07 01:41:50.451906,63.68,63.71
2025-04-07 01:41:51.994992,63.69,63.72
2025-04-07 01:41:55.496897,63.7,63.73
2025-04-07 01:42:00.300169,63.71,63.74
2025-04-07 01:42:03.407526,63.72,63.75
2025-04-07 01:42:04.871075,63.71,63.74
2025-04-07 01:42:05.229007,63.72,63.75
2025-04-07 01:42:06.111412,63.71,63.74
2025-04-07 01:42:08.778262,63.72,63.75
2025-04-07 01:42:10.278141,63.73,63.76
2025-04-07 01:42:13.007460,63.74,63.77
2025-04-07 01:42:16.540851,63.73,63.76
2025-04-07 01:42:17.039723,63.74,63.77
2025-04-07 01:42:17.479113,63.73,63.76
2025-04-07 01:42:18.507052,63.74,63.77
2025-04-07 01:42:18.643377,63.73,63.76
2025-04-07 01:42:19.028206,63.74,63.77
2025-04-07 01:42:19.275369,63.73,63.76
2025-04-07 01:42:19.589687,63.74,63.77
2025-04-07 01:42:21.012682,63.73,63.76
2025-04-07 01:42:23.077850,63.74,63.77
2025-04-07 01:42:24.876413,63.73,63.76
2025-04-07 01:42:28.045065,63.71,63.74
2025-04-07 01:42:28.357183,63.7,63.73
2025-04-07 01:42:28.523669,63.71,63.74
2025-04-07 01:42:31.955982,63.7,63.73
2025-04-07 01:42:32.683525,63.69,63.72
2025-04-07 01:42:34.806050,63.68,63.71
2025-04-07 01:42:37.610614,63.69,63.72
2025-04-07 01:42:38.605093,63.7,63.73
2025-04-07 01:42:43.176327,63.71,63.74
2025-04-07 01:42:58.928080,63.7,63.73
2025-04-07 01:43:01.258878,63.71,63.74
2025-04-07 01:43:01.971413,63.72,63.75
2025-04-07 01:43:02.209663,63.73,63.76
2025-04-07 01:43:08.405109,63.74,63.77
2025-04-07 01:43:12.782770,63.75,63.78
2025-04-07 01:43:13.747858,63.74,63.77
2025-04-07 01:43:16.483854,63.75,63.78
2025-04-07 01:43:25.345499,63.74,63.77
2025-04-07 01:43:36.144458,63.75,63.78
2025-04-07 01:43:36.878850,63.76,63.79
2025-04-07 01:43:37.778577,63.77,63.8
2025-04-07 01:43:39.124849,63.76,63.79
2025-04-07 01:43:43.921643,63.75,63.78
2025-04-07 01:43:46.724916,63.76,63.79
2025-04-07 01:43:47.010660,63.77,63.8
2025-04-07 01:43:48.322408,63.76,63.79
2025-04-07 01:43:48.548873,63.77,63.8
2025-04-07 01:43:52.437820,63.76,63.79
2025-04-07 01:44:00.524631,63.75,63.78
2025-04-07 01:44:07.675287,63.74,63.77
2025-04-07 01:44:09.605959,63.75,63.78
2025-04-07 01:44:11.838212,63.74,63.77
2025-04-07 01:44:12.976164,63.75,63.78
2025-04-07 01:44:13.435533,63.74,63.77
2025-04-07 01:44:13.837919,63.75,63.78
2025-04-07 01:44:17.621044,63.74,63.77
2025-04-07 01:44:19.675046,63.75,63.78
2025-04-07 01:44:21.750270,63.74,63.77
2025-04-07 01:44:22.462566,63.75,63.78
2025-04-07 01:44:23.912438,63.74,63.77
2025-04-07 01:44:27.201513,63.75,63.78
2025-04-07 01:44:28.673788,63.76,63.79
2025-04-07 01:44:31.385790,63.75,63.78
2025-04-07 01:44:31.904525,63.74,63.77
2025-04-07 01:44:37.437267,63.73,63.76
2025-04-07 01:44:38.232366,63.74,63.77
2025-04-07 01:44:38.996046,63.75,63.78
2025-04-07 01:44:39.713211,63.74,63.77
2025-04-07 01:44:41.248232,63.73,63.76
2025-04-07 01:44:41.555585,63.74,63.77
2025-04-07 01:44:42.664324,63.73,63.76
2025-04-07 01:44:44.356552,63.74,63.77
2025-04-07 01:44:46.390580,63.73,63.76
2025-04-07 01:44:50.553921,63.74,63.77
2025-04-07 01:44:53.716072,63.73,63.76
2025-04-07 01:44:54.170320,63.74,63.77
2025-04-07 01:44:55.826094,63.76,63.79
2025-04-07 01:44:57.353226,63.78,63.81
2025-04-07 01:44:57.565580,63.77,63.8
2025-04-07 01:44:58.359754,63.76,63.79
2025-04-07 01:45:02.293197,63.77,63.8
2025-04-07 01:45:03.359341,63.78,63.81
2025-04-07 01:45:04.139205,63.77,63.8
2025-04-07 01:45:04.933927,63.78,63.81
2025-04-07 01:45:08.469585,63.77,63.8
2025-04-07 01:45:09.023771,63.76,63.79
2025-04-07 01:45:09.517245,63.77,63.8
2025-04-07 01:45:10.584787,63.79,63.82
2025-04-07 01:45:12.325166,63.78,63.81
2025-04-07 01:45:12.787421,63.79,63.82
2025-04-07 01:45:13.465436,63.78,63.81
2025-04-07 01:45:14.742159,63.79,63.82
2025-04-07 01:45:15.245651,63.8,63.83
2025-04-07 01:45:19.188862,63.79,63.82
2025-04-07 01:45:21.528447,63.8,63.83
2025-04-07 01:45:22.031086,63.79,63.82
2025-04-07 01:45:23.031428,63.81,63.84
2025-04-07 01:45:25.692020,63.82,63.85
2025-04-07 01:45:26.079638,63.81,63.84
2025-04-07 01:45:27.271461,63.82,63.85
2025-04-07 01:45:28.587227,63.85,63.88
2025-04-07 01:45:29.852264,63.84,63.87
2025-04-07 01:45:30.753598,63.85,63.88
2025-04-07 01:45:31.816519,63.86,63.89
2025-04-07 01:45:33.033844,63.87,63.9
2025-04-07 01:45:36.804255,63.85,63.88
2025-04-07 01:45:38.854903,63.84,63.87
2025-04-07 01:45:39.327413,63.83,63.86
2025-04-07 01:45:41.207470,63.82,63.85
2025-04-07 01:45:42.737039,63.8,63.83
2025-04-07 01:45:43.600197,63.79,63.82
2025-04-07 01:45:48.105387,63.78,63.81
2025-04-07 01:45:48.786934,63.79,63.82
2025-04-07 01:45:49.887717,63.8,63.83
2025-04-07 01:45:50.608704,63.79,63.82
2025-04-07 01:45:50.985958,63.8,63.83
2025-04-07 01:45:51.839979,63.79,63.82
2025-04-07 01:45:52.498065,63.78,63.81
2025-04-07 01:45:54.090487,63.79,63.82
2025-04-07 01:45:55.539176,63.81,63.84
2025-04-07 01:45:59.025901,63.8,63.83
2025-04-07 01:46:02.745065,63.79,63.82
2025-04-07 01:46:06.982921,63.8,63.83
2025-04-07 01:46:15.823994,63.83,63.86
2025-04-07 01:46:17.132089,63.84,63.87
2025-04-07 01:46:23.785764,63.85,63.88
2025-04-07 01:46:24.362672,63.83,63.86
2025-04-07 01:46:25.160780,63.82,63.85
2025-04-07 01:46:26.955145,63.83,63.86
2025-04-07 01:46:29.565872,63.82,63.85
2025-04-07 01:46:30.912647,63.81,63.84
2025-04-07 01:46:36.285358,63.82,63.85
2025-04-07 01:46:37.119519,63.83,63.86
2025-04-07 01:46:41.635942,63.84,63.87
2025-04-07 01:46:44.054937,63.85,63.88
2025-04-07 01:46:44.785061,63.86,63.89
2025-04-07 01:46:45.636960,63.87,63.9
2025-04-07 01:46:46.137379,63.88,63.91
2025-04-07 01:46:46.640760,63.89,63.92
2025-04-07 01:46:47.601072,63.9,63.93
2025-04-07 01:46:50.331419,63.89,63.92
2025-04-07 01:46:52.485157,63.87,63.9
2025-04-07 01:46:52.817091,63.86,63.89
2025-04-07 01:46:54.194027,63.87,63.9
2025-04-07 01:46:55.706741,63.88,63.91
2025-04-07 01:46:56.297916,63.89,63.92
2025-04-07 01:47:00.988397,63.88,63.91
2025-04-07 01:47:04.542934,63.89,63.92
2025-04-07 01:47:06.153445,63.88,63.91
2025-04-07 01:47:06.757850,63.89,63.92
2025-04-07 01:47:09.641586,63.88,63.91
2025-04-07 01:47:11.963840,63.87,63.9
2025-04-07 01:47:12.508258,63.88,63.91
2025-04-07 01:47:14.953066,63.89,63.92
2025-04-07 01:47:18.704061,63.9,63.93
2025-04-07 01:47:22.720871,63.92,63.95
2025-04-07 01:47:23.244746,63.9,63.93
2025-04-07 01:47:25.263324,63.91,63.94
2025-04-07 01:47:25.386812,63.9,63.93
2025-04-07 01:47:28.388403,63.89,63.92
2025-04-07 01:47:29.481113,63.9,63.93
2025-04-07 01:47:30.043493,63.91,63.94
2025-04-07 01:47:30.724347,63.9,63.93
2025-04-07 01:47:32.737010,63.89,63.92
2025-04-07 01:47:33.387790,63.9,63.93
2025-04-07 01:47:34.312845,63.89,63.92
2025-04-07 01:47:37.499573,63.9,63.93
2025-04-07 01:47:38.269421,63.88,63.91
2025-04-07 01:47:39.110934,63.87,63.9
2025-04-07 01:47:42.283989,63.88,63.91
2025-04-07 01:47:47.342871,63.89,63.92
2025-04-07 01:47:53.023377,63.88,63.91
2025-04-07 01:47:54.401884,63.89,63.92
2025-04-07 01:47:54.815127,63.9,63.93
2025-04-07 01:47:56.186613,63.91,63.94
2025-04-07 01:47:56.719609,63.9,63.93
2025-04-07 01:47:57.753036,63.91,63.94
2025-04-07 01:47:58.084274,63.9,63.93
2025-04-07 01:47:58.972867,63.91,63.94
2025-04-07 01:48:00.537734,63.9,63.93
2025-04-07 01:48:02.291976,63.89,63.92
2025-04-07 01:48:06.532793,63.9,63.93
2025-04-07 01:48:09.866692,63.89,63.92
2025-04-07 01:48:11.061213,63.9,63.93
2025-04-07 01:48:13.285967,63.91,63.94
2025-04-07 01:48:13.954522,63.92,63.95
2025-04-07 01:48:15.829822,63.91,63.94
2025-04-07 01:48:19.107820,63.9,63.93
2025-04-07 01:48:19.627007,63.91,63.94
2025-04-07 01:48:20.144211,63.9,63.93
2025-04-07 01:48:21.609401,63.89,63.92
2025-04-07 01:48:22.391526,63.88,63.91
2025-04-07 01:48:22.784983,63.89,63.92
2025-04-07 01:48:23.621978,63.88,63.91
2025-04-07 01:48:24.079781,63.89,63.92
2025-04-07 01:48:27.391362,63.88,63.91
2025-04-07 01:48:28.456979,63.89,63.92
2025-04-07 01:48:33.852793,63.88,63.91
2025-04-07 01:48:36.413390,63.89,63.92
2025-04-07 01:48:44.929892,63.9,63.93
2025-04-07 01:48:45.153949,63.89,63.92
2025-04-07 01:48:47.593023,63.9,63.93
2025-04-07 01:48:48.360360,63.89,63.92
2025-04-07 01:48:49.023364,63.9,63.93
2025-04-07 01:48:57.137307,63.91,63.94
2025-04-07 01:48:57.871189,63.92,63.95
2025-04-07 01:48:58.177445,63.91,63.94
2025-04-07 01:48:59.169486,63.9,63.93
2025-04-07 01:49:00.525818,63.91,63.94
2025-04-07 01:49:01.484371,63.9,63.93
2025-04-07 01:49:04.759351,63.91,63.94
2025-04-07 01:49:05.849370,63.92,63.95
2025-04-07 01:49:06.969549,63.91,63.94
2025-04-07 01:49:10.699796,63.92,63.95
2025-04-07 01:49:10.986086,63.91,63.94
2025-04-07 01:49:12.409368,63.9,63.93
2025-04-07 01:49:15.864569,63.91,63.94
2025-04-07 01:49:20.348426,63.9,63.93
2025-04-07 01:49:25.087430,63.91,63.94
2025-04-07 01:49:28.084371,63.9,63.93
2025-04-07 01:49:28.285079,63.91,63.94
2025-04-07 01:49:29.307202,63.9,63.93
2025-04-07 01:49:29.588492,63.89,63.92
2025-04-07 01:49:34.783127,63.87,63.9
2025-04-07 01:49:38.667774,63.88,63.91
2025-04-07 01:49:39.532388,63.87,63.9
2025-04-07 01:49:39.776502,63.88,63.91
2025-04-07 01:49:40.006227,63.87,63.9
2025-04-07 01:49:41.481536,63.88,63.91
2025-04-07 01:49:44.701208,63.89,63.92
2025-04-07 01:49:45.288369,63.9,63.93
2025-04-07 01:49:46.382890,63.89,63.92
2025-04-07 01:49:49.382834,63.9,63.93
2025-04-07 01:49:53.085521,63.91,63.94
2025-04-07 01:49:53.553810,63.89,63.92
2025-04-07 01:49:54.503943,63.9,63.93
2025-04-07 01:49:55.902853,63.89,63.92
2025-04-07 01:49:56.370073,63.88,63.91
2025-04-07 01:49:58.483258,63.87,63.9
2025-04-07 01:50:02.964512,63.86,63.89
2025-04-07 01:50:05.325534,63.85,63.88
2025-04-07 01:50:07.218296,63.86,63.89
2025-04-07 01:50:07.399234,63.85,63.88
2025-04-07 01:50:09.638693,63.86,63.89
2025-04-07 01:50:11.751203,63.85,63.88
2025-04-07 01:50:15.220382,63.86,63.89
2025-04-07 01:50:15.516970,63.85,63.88
2025-04-07 01:50:15.811406,63.86,63.89
2025-04-07 01:50:18.322304,63.85,63.88
2025-04-07 01:50:21.065477,63.86,63.89
2025-04-07 01:50:22.101095,63.87,63.9
2025-04-07 01:50:22.487558,63.86,63.89
2025-04-07 01:50:28.900865,63.87,63.9
2025-04-07 01:50:29.156413,63.86,63.89
2025-04-07 01:50:31.732210,63.85,63.88
2025-04-07 01:50:32.526933,63.86,63.89
2025-04-07 01:50:35.981897,63.85,63.88
2025-04-07 01:50:37.889007,63.86,63.89
2025-04-07 01:50:47.591713,63.85,63.88
