timestamp,bid,ask
2025-04-22 11:51:23.957564,21236.6,21239.3
2025-04-22 11:51:25.824573,21238.3,21239.7
2025-04-22 11:51:27.428788,21239.3,21240.7
2025-04-22 11:51:29.453467,21238.6,21240.3
2025-04-22 11:51:31.173799,21239.3,21240.7
2025-04-22 11:51:32.050507,21238.6,21240.3
2025-04-22 11:51:32.971154,21239.3,21240.7
2025-04-22 11:51:33.772340,21238.6,21240.3
2025-04-22 11:51:34.872733,21238.3,21239.7
2025-04-22 11:51:36.486517,21239.6,21241.3
2025-04-22 11:51:37.103409,21240.3,21241.7
2025-04-22 11:51:39.873176,21239.6,21241.3
2025-04-22 11:51:40.944440,21237.6,21239.3
2025-04-22 11:51:43.755518,21236.6,21238.3
2025-04-22 11:51:45.525193,21236.3,21237.7
2025-04-22 11:51:45.789925,21235.6,21238.3
2025-04-22 11:51:47.036458,21235.6,21237.3
2025-04-22 11:51:49.053897,21235.3,21236.7
2025-04-22 11:51:49.507658,21235.6,21237.3
2025-04-22 11:51:50.148483,21237.6,21239.3
2025-04-22 11:51:55.544987,21239.3,21240.7
2025-04-22 11:51:57.215253,21240.3,21241.7
2025-04-22 11:51:58.159421,21241.3,21242.7
2025-04-22 11:52:01.950804,21240.6,21242.3
2025-04-22 11:52:02.815818,21240.6,21243.3
2025-04-22 11:52:03.282973,21240.6,21242.3
2025-04-22 11:52:03.812439,21240.3,21241.7
2025-04-22 11:52:06.803546,21238.6,21241.3
2025-04-22 11:52:07.882116,21238.6,21240.3
2025-04-22 11:52:10.132498,21237.3,21238.7
2025-04-22 11:52:10.667564,21236.3,21237.7
2025-04-22 11:52:11.401973,21235.6,21237.3
2025-04-22 11:52:13.058108,21235.3,21236.7
2025-04-22 11:52:16.401635,21235.6,21237.3
2025-04-22 11:52:18.016681,21235.3,21236.7
2025-04-22 11:52:19.472675,21235.6,21237.3
2025-04-22 11:52:20.068300,21235.3,21236.7
2025-04-22 11:52:22.202430,21235.6,21237.3
2025-04-22 11:52:22.704316,21236.6,21238.3
2025-04-22 11:52:25.370617,21236.3,21237.7
2025-04-22 12:15:46.854029,21271.6,21273.3
2025-04-22 12:15:49.091657,21273.3,21274.7
2025-04-22 12:15:49.411176,21274.3,21275.7
2025-04-22 12:15:54.187097,21275.6,21277.3
2025-04-22 12:15:56.541702,21278.3,21279.7
2025-04-22 12:15:59.836999,21279.6,21281.3
2025-04-22 12:16:00.376278,21281.3,21282.7
2025-04-22 12:16:01.780351,21279.6,21281.3
2025-04-22 12:16:02.404552,21278.6,21280.3
2025-04-23 08:45:36.842664,22125.6,22127.3
2025-04-23 08:45:36.844184,22126.3,22127.7
2025-04-23 08:45:36.845190,22125.3,22126.7
2025-04-23 08:45:37.234473,22123.8,22125.2
2025-04-23 08:45:37.893012,22123.3,22124.7
2025-04-23 08:45:41.046674,22123.8,22125.2
2025-04-23 08:45:41.648415,22123.3,22124.7
2025-04-23 08:45:44.188760,22122.8,22124.2
2025-04-23 08:45:44.485704,22123.8,22125.2
2025-04-23 08:45:45.973171,22126.3,22127.7
2025-04-23 08:45:46.274079,22127.8,22129.2
2025-04-23 08:45:46.649506,22126.3,22127.7
2025-04-23 08:45:47.432921,22127.3,22128.7
2025-04-23 08:45:48.169124,22125.6,22127.3
2025-04-23 08:45:51.867046,22125.3,22126.7
2025-04-23 08:45:52.877198,22124.6,22126.3
2025-04-23 08:45:55.766460,22124.3,22125.7
2025-04-23 08:45:56.909170,22123.3,22124.7
2025-04-23 08:45:57.051136,22124.3,22125.7
2025-04-23 08:45:57.428438,22125.3,22126.7
2025-04-23 08:46:00.262656,22124.6,22127.3
2025-04-23 08:46:00.899705,22124.3,22125.7
2025-04-23 08:46:02.992394,22122.6,22125.3
2025-04-23 08:46:04.441182,22121.6,22123.3
2025-04-23 08:46:05.095604,22120.6,22122.3
2025-04-23 08:46:06.890883,22121.6,22123.3
2025-04-23 08:46:09.383061,22123.3,22124.7
2025-04-23 08:46:09.727983,22120.8,22122.2
2025-04-23 08:46:10.218569,22121.3,22122.7
2025-04-23 08:46:11.698254,22121.6,22123.3
2025-04-23 08:46:12.231516,22122.3,22123.7
2025-04-23 08:46:13.258840,22121.3,22122.7
2025-04-23 08:46:16.951055,22121.6,22123.3
2025-04-23 08:46:22.839892,22120.8,22122.2
2025-04-23 08:46:23.857458,22120.3,22121.7
2025-04-23 08:46:27.497428,22119.3,22120.7
2025-04-23 08:46:27.771202,22118.8,22120.2
2025-04-23 08:46:28.181371,22118.3,22119.7
2025-04-23 08:46:28.744812,22113.6,22116.3
2025-04-23 08:46:29.164777,22113.3,22114.7
2025-04-23 08:46:31.417631,22112.3,22113.7
2025-04-23 08:46:31.923401,22112.6,22114.3
2025-04-23 08:46:32.770736,22111.6,22113.3
2025-04-23 08:46:33.567247,22112.3,22113.7
2025-04-23 08:46:34.703161,22109.6,22113.3
2025-04-23 08:46:34.924661,22107.6,22110.3
2025-04-23 08:46:35.582446,22107.6,22109.3
2025-04-23 08:46:36.648789,22107.3,22108.7
2025-04-23 08:46:39.033609,22106.6,22108.3
2025-04-23 08:46:39.381854,22106.3,22107.7
2025-04-23 08:46:39.679479,22107.6,22109.3
2025-04-23 08:46:42.577037,22107.3,22108.7
2025-04-23 08:46:43.180007,22107.6,22110.3
2025-04-23 08:46:44.238513,22108.8,22110.2
2025-04-23 08:46:44.807975,22107.6,22109.3
2025-04-23 08:46:46.757665,22107.3,22108.7
2025-04-23 08:46:47.051353,22108.3,22109.7
2025-04-23 08:46:48.560017,22108.6,22110.3
2025-04-23 08:46:52.186001,22108.3,22109.7
2025-04-23 08:46:53.238390,22109.3,22110.7
2025-04-23 08:46:54.201411,22110.8,22112.2
2025-04-23 08:46:56.403805,22110.6,22112.3
2025-04-23 08:46:57.163204,22111.3,22112.7
2025-04-23 08:46:59.490857,22111.6,22114.3
2025-04-23 08:46:59.989104,22111.6,22113.3
2025-04-23 08:47:01.138788,22113.3,22114.7
2025-04-23 08:47:01.376271,22113.6,22115.3
2025-04-23 08:47:02.114676,22113.3,22114.7
2025-04-23 08:47:02.512810,22113.6,22115.3
2025-04-23 08:47:03.465369,22113.6,22116.3
2025-04-23 08:47:04.100498,22114.6,22116.3
2025-04-23 08:47:06.764916,22115.6,22117.3
2025-04-23 08:47:08.168255,22115.3,22116.7
2025-04-23 08:47:08.669529,22114.6,22116.3
2025-04-23 08:47:15.392689,22114.3,22115.7
2025-04-23 08:47:17.668813,22112.3,22113.7
2025-04-23 08:47:17.999540,22112.6,22115.3
2025-04-23 08:47:18.961701,22111.6,22113.3
2025-04-23 08:47:19.251665,22111.6,22114.3
2025-04-23 08:47:21.362224,22111.3,22112.7
2025-04-23 08:47:22.160068,22111.6,22113.3
2025-04-23 08:47:29.281158,22112.3,22113.7
2025-04-23 08:47:30.270445,22111.6,22114.3
2025-04-23 08:47:31.779515,22112.3,22113.7
2025-04-23 08:47:32.275165,22111.6,22113.3
2025-04-23 08:47:33.656763,22112.8,22114.2
2025-04-23 08:47:34.316119,22115.3,22116.7
2025-04-23 08:47:35.206071,22115.6,22117.3
2025-04-23 08:47:40.526729,22114.6,22116.3
2025-04-23 08:47:41.089379,22114.3,22115.7
2025-04-23 08:47:41.496618,22115.3,22116.7
2025-04-23 08:47:42.006010,22116.3,22117.7
2025-04-23 08:47:43.329121,22116.6,22119.3
2025-04-23 08:47:45.415629,22116.6,22118.3
2025-04-23 08:47:45.694309,22115.6,22117.3
2025-04-23 08:47:46.711690,22114.3,22115.7
2025-04-23 08:47:47.831771,22116.3,22117.7
2025-04-23 08:47:48.735438,22117.8,22119.2
2025-04-23 08:47:49.441221,22117.3,22118.7
2025-04-23 08:47:49.818524,22117.6,22119.3
2025-04-23 08:47:53.031968,22117.6,22120.3
2025-04-23 08:47:56.255215,22119.6,22122.3
2025-04-23 08:47:57.221325,22121.3,22122.7
2025-04-23 08:47:57.620488,22120.6,22123.3
2025-04-23 08:47:58.273295,22120.6,22122.3
2025-04-23 08:47:59.309054,22120.6,22123.3
2025-04-23 08:48:00.129759,22121.3,22122.7
2025-04-23 08:48:00.851107,22120.6,22122.3
2025-04-23 08:48:02.211113,22119.6,22121.3
2025-04-23 08:48:03.204857,22116.6,22118.3
2025-04-23 08:48:03.992840,22115.6,22117.3
2025-04-23 08:48:04.482604,22114.6,22117.3
2025-04-23 08:48:06.159924,22114.6,22116.3
2025-04-23 08:48:07.187622,22115.3,22116.7
2025-04-23 08:48:07.957005,22113.6,22116.3
2025-04-23 08:48:12.273376,22113.3,22114.7
2025-04-23 08:48:12.548712,22113.6,22115.3
2025-04-23 08:48:13.246567,22115.8,22117.2
2025-04-23 08:48:13.745857,22116.6,22118.3
2025-04-23 08:48:14.071557,22118.6,22121.3
2025-04-23 08:48:14.557560,22120.3,22121.7
2025-04-23 08:48:15.059523,22121.3,22122.7
2025-04-23 08:48:15.594797,22121.8,22123.2
2025-04-23 08:48:16.144007,22121.6,22123.3
2025-04-23 08:48:17.420426,22120.6,22123.3
2025-04-23 08:48:18.421437,22121.3,22122.7
2025-04-23 08:48:21.278125,22120.6,22123.3
2025-04-23 08:48:21.722920,22121.3,22122.7
2025-04-23 08:48:22.913888,22120.3,22121.7
2025-04-23 08:48:23.913168,22121.3,22122.7
2025-04-23 08:48:24.340265,22120.6,22123.3
2025-04-23 08:48:28.040670,22121.3,22122.7
2025-04-23 08:48:29.512163,22119.6,22122.3
2025-04-23 08:48:30.011394,22120.6,22122.3
2025-04-23 08:48:31.023597,22119.6,22122.3
2025-04-23 08:48:31.662121,22120.6,22122.3
2025-04-23 08:48:32.084376,22118.6,22121.3
2025-04-23 08:48:32.572079,22120.6,22122.3
2025-04-23 08:48:33.076905,22121.3,22122.7
2025-04-23 08:48:33.440564,22120.3,22121.7
2025-04-23 08:48:33.675930,22121.8,22123.2
2025-04-23 08:48:34.577691,22120.3,22121.7
2025-04-23 08:48:36.194033,22118.6,22121.3
2025-04-23 08:48:36.934252,22120.3,22121.7
2025-04-23 08:48:37.393616,22120.6,22122.3
2025-04-23 08:48:37.884543,22120.3,22121.7
2025-04-23 08:48:38.047684,22119.6,22121.3
2025-04-23 08:48:39.949499,22120.3,22121.7
2025-04-23 08:48:42.206126,22120.6,22122.3
2025-04-23 08:48:43.724759,22120.3,22121.7
2025-04-23 08:48:44.443050,22120.6,22122.3
2025-04-23 08:48:46.121405,22120.6,22124.3
2025-04-23 08:48:47.854048,22124.6,22127.3
2025-04-23 08:48:49.025360,22122.6,22125.3
2025-04-23 08:48:50.077601,22123.6,22125.3
2025-04-23 08:48:51.596233,22125.3,22126.7
2025-04-23 08:48:56.676534,22124.6,22126.3
2025-04-23 08:48:57.497506,22124.3,22125.7
2025-04-23 08:48:59.182824,22124.6,22126.3
2025-04-23 08:49:00.966396,22127.3,22128.7
2025-04-23 08:49:01.991982,22126.3,22127.7
2025-04-23 08:49:02.554960,22125.3,22126.7
2025-04-23 08:49:04.610841,22125.6,22127.3
2025-04-23 08:49:05.966528,22126.3,22127.7
2025-04-23 08:49:06.299845,22125.6,22128.3
2025-04-23 08:49:07.278218,22124.6,22126.3
2025-04-23 08:49:07.784702,22125.3,22126.7
2025-04-23 08:49:09.303870,22121.6,22124.3
2025-04-23 08:49:09.505684,22123.6,22125.3
2025-04-23 08:49:09.937438,22124.3,22125.7
2025-04-23 08:49:11.499557,22123.3,22124.7
2025-04-23 08:49:11.741441,22121.3,22122.7
2025-04-23 08:49:13.436455,22120.6,22123.3
2025-04-23 08:49:15.200406,22122.6,22125.3
2025-04-23 08:49:17.029429,22124.6,22127.3
2025-04-23 08:49:18.176251,22124.6,22126.3
2025-04-23 08:49:20.629535,22125.3,22126.7
2025-04-23 08:49:22.221312,22125.6,22128.3
2025-04-23 08:49:22.479115,22125.6,22127.3
2025-04-23 08:49:23.388953,22125.6,22129.3
2025-04-23 08:49:25.282282,22125.6,22127.3
2025-04-23 08:49:25.422505,22125.3,22126.7
2025-04-23 08:49:26.437546,22125.6,22127.3
2025-04-23 08:49:26.925853,22125.6,22128.3
2025-04-23 08:49:28.767903,22125.6,22127.3
2025-04-23 08:49:32.315425,22125.3,22126.7
2025-04-23 08:49:32.996017,22125.6,22127.3
2025-04-23 08:49:33.550905,22126.6,22128.3
2025-04-23 08:49:34.847091,22127.3,22128.7
2025-04-23 08:49:35.684082,22128.6,22131.3
2025-04-23 08:49:36.150207,22130.6,22132.3
2025-04-23 08:49:36.814208,22130.3,22131.7
2025-04-23 08:49:37.046167,22128.6,22131.3
2025-04-23 08:49:37.313471,22130.3,22131.7
2025-04-23 08:49:37.494796,22130.6,22133.3
2025-04-23 08:49:37.820235,22131.3,22132.7
2025-04-23 08:49:39.482258,22130.3,22131.7
2025-04-23 08:49:41.412679,22131.3,22132.7
2025-04-23 08:49:42.586646,22131.6,22133.3
2025-04-23 08:49:43.295370,22131.6,22134.3
2025-04-23 08:49:44.194093,22132.6,22134.3
2025-04-23 08:49:45.405377,22133.3,22134.7
2025-04-23 08:49:47.926587,22133.6,22136.3
2025-04-23 08:49:49.607369,22133.3,22134.7
2025-04-23 08:49:50.833565,22133.6,22135.3
2025-04-23 08:49:51.044270,22134.3,22135.7
2025-04-23 08:49:55.969213,22135.3,22136.7
2025-04-23 08:49:56.949833,22134.6,22136.3
2025-04-23 08:49:57.456886,22132.6,22134.3
2025-04-23 08:49:57.608096,22134.8,22136.2
2025-04-23 08:49:58.113772,22132.3,22133.7
2025-04-23 08:49:59.410912,22133.6,22136.3
2025-04-23 08:49:59.721526,22133.6,22137.3
2025-04-23 08:49:59.945733,22135.6,22138.3
2025-04-23 08:50:00.392318,22135.3,22136.7
2025-04-23 08:50:00.880945,22132.6,22134.3
2025-04-23 08:50:03.434716,22130.6,22134.3
2025-04-23 08:50:04.413221,22132.6,22135.3
2025-04-23 08:50:05.621548,22132.6,22134.3
2025-04-23 08:50:08.401706,22133.3,22134.7
2025-04-23 08:50:09.125628,22132.6,22134.3
2025-04-23 08:50:11.199828,22133.3,22134.7
2025-04-23 08:50:19.190394,22133.6,22135.3
2025-04-23 08:50:24.137351,22136.3,22137.7
2025-04-23 08:50:24.325548,22133.6,22136.3
2025-04-23 08:50:25.027630,22135.3,22136.7
2025-04-23 08:50:25.527711,22133.6,22136.3
2025-04-23 08:50:27.849967,22134.6,22136.3
2025-04-23 08:50:28.842742,22133.6,22135.3
2025-04-23 08:50:29.008666,22132.6,22134.3
2025-04-23 08:50:29.457843,22131.6,22134.3
2025-04-23 08:50:29.679347,22131.3,22132.7
2025-04-23 08:50:30.330906,22132.6,22134.3
2025-04-23 08:50:30.574707,22133.3,22134.7
2025-04-23 08:50:30.947848,22132.6,22134.3
2025-04-23 08:50:31.241094,22131.6,22133.3
2025-04-23 08:50:31.634274,22132.3,22133.7
2025-04-23 08:50:31.919957,22132.6,22134.3
2025-04-23 08:50:32.307762,22135.3,22136.7
2025-04-23 08:50:34.432118,22136.3,22137.7
2025-04-23 08:50:35.143344,22136.6,22139.3
2025-04-23 08:50:35.950492,22136.6,22138.3
2025-04-23 08:50:36.384058,22134.6,22138.3
2025-04-23 08:50:36.951350,22136.3,22137.7
2025-04-23 08:50:37.343322,22135.3,22136.7
2025-04-23 08:50:38.158188,22136.3,22137.7
2025-04-23 08:50:38.538092,22137.6,22140.3
2025-04-23 08:50:38.805069,22138.6,22141.3
2025-04-23 08:50:40.022307,22139.6,22141.3
2025-04-23 08:50:40.567677,22139.6,22142.3
2025-04-23 08:50:43.121638,22139.6,22141.3
2025-04-23 08:50:44.748902,22138.6,22140.3
2025-04-23 08:50:46.184670,22137.6,22140.3
2025-04-23 08:50:47.584587,22137.6,22139.3
2025-04-23 08:50:48.404407,22136.6,22138.3
2025-04-23 08:50:49.238422,22134.6,22137.3
2025-04-23 08:50:49.667317,22134.6,22136.3
2025-04-23 08:50:50.467352,22133.6,22135.3
2025-04-23 08:50:51.185635,22132.6,22134.3
2025-04-23 08:50:52.155124,22131.6,22134.3
2025-04-23 08:50:52.911952,22129.3,22130.7
2025-04-23 08:50:53.513132,22128.6,22130.3
2025-04-23 08:50:53.684119,22129.3,22130.7
2025-04-23 08:50:53.852335,22129.6,22131.3
2025-04-23 08:50:54.136912,22129.8,22131.2
2025-04-23 08:50:54.647921,22129.3,22130.7
2025-04-23 08:50:54.879109,22128.6,22130.3
2025-04-23 08:50:56.162956,22128.3,22129.7
2025-04-23 08:50:56.385476,22127.6,22129.3
2025-04-23 08:50:59.365466,22128.3,22129.7
2025-04-23 08:51:01.853194,22126.6,22129.3
2025-04-23 08:51:02.419583,22124.6,22127.3
2025-04-23 08:51:02.673669,22125.3,22126.7
2025-04-23 08:51:08.978327,22125.6,22127.3
2025-04-23 08:51:10.373221,22127.6,22129.3
2025-04-23 08:51:11.850216,22127.6,22130.3
2025-04-23 08:51:12.553418,22129.6,22132.3
2025-04-23 08:51:13.285314,22128.6,22131.3
2025-04-23 08:51:13.503935,22128.6,22130.3
2025-04-23 08:51:14.055880,22126.6,22129.3
2025-04-23 08:51:14.300698,22128.3,22129.7
2025-04-23 08:51:16.987263,22128.6,22130.3
2025-04-23 08:51:17.504551,22129.3,22130.7
2025-04-23 08:51:19.529393,22131.3,22132.7
2025-04-23 08:51:20.041610,22132.3,22133.7
2025-04-23 08:51:21.170637,22131.6,22133.3
2025-04-23 08:51:22.702682,22130.6,22133.3
2025-04-23 08:51:23.527543,22130.3,22131.7
2025-04-23 08:51:23.873802,22130.6,22132.3
2025-04-23 08:51:25.207393,22131.3,22132.7
2025-04-23 08:51:25.543418,22130.6,22132.3
2025-04-23 08:51:27.378334,22131.3,22132.7
2025-04-23 08:51:27.854401,22130.3,22131.7
2025-04-23 08:51:28.192700,22130.6,22132.3
2025-04-23 08:51:32.593151,22129.6,22132.3
2025-04-23 08:51:33.017725,22126.6,22129.3
2025-04-23 08:51:34.252301,22127.6,22129.3
2025-04-24 19:50:10.371171,22276.6,22278.3
2025-04-24 19:50:12.240541,22276.2,22277.7
2025-04-24 19:50:12.752208,22274.6,22276.3
2025-04-24 19:50:13.273173,22275.2,22276.7
2025-04-24 19:50:13.919128,22275.7,22277.2
2025-04-24 19:50:14.413706,22275.2,22276.7
2025-04-24 19:50:15.409237,22274.7,22276.2
2025-04-24 19:50:16.656803,22274.6,22276.3
2025-04-24 19:50:17.558355,22273.7,22275.2
2025-04-24 19:50:17.916619,22274.2,22275.7
2025-04-24 19:50:18.317764,22274.6,22276.3
2025-04-24 19:50:19.545960,22273.6,22275.3
2025-04-24 19:50:20.040030,22274.6,22276.3
2025-04-24 19:50:20.547745,22274.2,22275.7
2025-04-24 19:50:21.538925,22274.6,22276.3
2025-04-24 19:50:22.434693,22275.2,22276.7
2025-04-24 19:50:23.731655,22274.6,22276.3
2025-04-24 19:50:26.108350,22275.6,22277.3
2025-04-24 19:50:26.573134,22276.6,22278.3
2025-04-24 19:50:28.076402,22276.2,22277.7
2025-04-24 19:50:29.356142,22276.6,22278.3
2025-04-24 19:50:32.368173,22276.2,22277.7
2025-04-24 19:50:37.474205,22276.7,22278.2
2025-04-24 19:50:38.368178,22276.6,22278.3
2025-04-24 19:50:38.887581,22276.2,22277.7
2025-04-24 19:50:39.881294,22275.6,22277.3
2025-04-24 19:50:41.385135,22275.2,22276.7
2025-04-24 19:50:42.805830,22276.2,22277.7
2025-04-24 19:50:43.299809,22275.2,22276.7
2025-04-24 19:50:44.196870,22275.6,22277.3
2025-04-24 19:50:44.691984,22276.2,22277.7
2025-04-24 19:50:46.265521,22275.7,22277.2
2025-04-24 19:50:50.097398,22274.7,22276.2
2025-04-24 19:50:53.102256,22274.6,22276.3
2025-04-24 19:50:55.819412,22274.2,22275.7
2025-04-24 19:50:56.826690,22274.6,22276.3
2025-04-24 19:50:58.688654,22275.2,22276.7
2025-04-24 19:50:59.177266,22273.6,22275.3
2025-04-24 19:51:00.185762,22273.2,22274.7
2025-04-24 19:51:00.918938,22272.6,22274.3
2025-04-24 19:51:03.193159,22272.2,22273.7
2025-04-24 19:51:03.704446,22271.2,22272.7
2025-04-24 19:51:04.105472,22271.6,22273.3
2025-04-24 19:51:05.109172,22271.2,22272.7
2025-04-24 19:51:08.107348,22270.6,22272.3
2025-04-24 19:51:09.897699,22270.2,22271.7
2025-04-24 19:51:11.906506,22269.7,22271.2
2025-04-24 19:51:13.405739,22269.6,22271.3
2025-04-24 19:51:14.908541,22269.2,22270.7
2025-04-24 19:51:15.422103,22268.2,22269.7
2025-04-24 19:51:16.408634,22269.2,22270.7
2025-04-24 19:51:18.422873,22268.2,22269.7
2025-04-24 19:51:18.915637,22267.6,22269.3
2025-04-24 19:51:19.410232,22268.2,22269.7
2025-04-24 19:51:19.875859,22267.6,22269.3
2025-04-24 19:51:20.022155,22268.2,22269.7
2025-04-24 19:51:21.100499,22267.6,22269.3
2025-04-24 19:51:22.422002,22267.2,22268.7
2025-04-24 19:51:23.204249,22267.6,22269.3
2025-04-24 19:51:24.212733,22266.2,22267.7
2025-04-24 19:51:24.917522,22265.6,22267.3
2025-04-24 19:51:25.417157,22266.2,22267.7
2025-04-24 19:51:26.496341,22266.6,22268.3
2025-04-24 19:51:27.343826,22264.7,22266.2
2025-04-24 19:51:28.753870,22265.2,22266.7
2025-04-24 19:51:29.759215,22264.6,22266.3
2025-04-24 19:51:30.252648,22264.7,22266.2
2025-04-24 19:51:30.763501,22265.2,22266.7
2025-04-24 19:51:31.086449,22264.7,22266.2
2025-04-24 19:51:31.291537,22264.2,22265.7
2025-04-24 19:51:31.789590,22263.6,22265.3
2025-04-24 19:51:32.296959,22263.2,22264.7
2025-04-24 19:51:33.267209,22262.6,22264.3
2025-04-24 19:51:33.759593,22262.2,22263.7
2025-04-24 19:51:34.091506,22261.6,22263.3
2025-04-24 19:51:37.784345,22262.7,22264.2
2025-04-24 19:51:38.296406,22261.2,22262.7
2025-04-24 19:51:40.038588,22260.2,22261.7
2025-04-24 19:51:40.535597,22259.7,22261.2
2025-04-24 19:51:41.544457,22260.2,22261.7
2025-04-24 19:51:42.182732,22261.2,22262.7
2025-04-24 19:51:43.685067,22260.6,22263.3
2025-04-24 19:51:43.837938,22261.6,22263.3
2025-04-24 19:51:46.820194,22262.2,22263.7
2025-04-24 19:51:47.316239,22261.6,22263.3
2025-04-24 19:51:48.381552,22262.2,22263.7
2025-04-24 19:51:49.837366,22261.6,22263.3
2025-04-24 19:51:49.994769,22262.2,22263.7
2025-04-24 19:51:50.987317,22262.6,22264.3
2025-04-24 19:51:51.499197,22262.2,22263.7
2025-04-24 19:51:51.996047,22262.6,22264.3
2025-04-24 19:51:52.751352,22262.2,22263.7
2025-04-24 19:51:53.245889,22261.6,22263.3
2025-04-24 19:53:49.758472,22270.2,22271.7
2025-04-24 19:53:50.506110,22271.2,22272.7
2025-04-24 19:53:53.513087,22269.6,22271.3
2025-04-24 19:53:55.015887,22270.6,22272.3
2025-04-24 19:53:55.823634,22271.2,22272.7
2025-04-24 19:53:57.320749,22270.6,22272.3
2025-04-24 19:53:57.928391,22271.2,22272.7
2025-04-24 19:53:58.681383,22271.6,22273.3
2025-04-24 19:54:00.933369,22270.6,22272.3
2025-04-24 19:54:02.433883,22271.2,22272.7
2025-04-24 19:54:05.324087,22270.7,22272.2
2025-04-24 19:54:07.881470,22270.6,22272.3
2025-04-24 19:54:08.899940,22271.2,22272.7
2025-04-24 19:54:09.717418,22270.2,22271.7
2025-04-24 19:54:10.005250,22271.2,22272.7
2025-04-24 19:54:10.450805,22272.2,22273.7
2025-04-24 19:54:10.995068,22272.7,22274.2
2025-04-24 19:54:11.741744,22271.6,22273.3
2025-04-24 19:54:12.490488,22272.2,22273.7
2025-04-24 19:54:14.377797,22271.6,22273.3
2025-04-24 19:54:16.634352,22269.6,22271.3
2025-04-24 19:54:17.386659,22269.2,22270.7
2025-04-24 19:54:18.134070,22269.6,22271.3
2025-04-24 19:54:20.459412,22269.2,22270.7
2025-04-24 19:54:24.211289,22268.6,22270.3
2025-04-24 19:54:24.969191,22268.2,22269.7
2025-04-24 19:54:26.470644,22268.6,22270.3
2025-04-24 19:54:28.732288,22269.2,22270.7
2025-04-24 19:54:29.482334,22269.6,22271.3
2025-04-24 19:54:30.230686,22269.2,22270.7
2025-04-24 19:54:30.982410,22269.6,22271.3
2025-04-24 19:54:31.387539,22270.2,22271.7
2025-04-24 19:54:32.887271,22268.6,22270.3
2025-04-24 19:54:33.878879,22268.2,22269.7
2025-04-24 19:54:34.631261,22267.6,22269.3
2025-04-24 19:54:36.581715,22267.2,22268.7
2025-04-24 19:54:39.155005,22268.2,22269.7
2025-04-24 19:54:39.843118,22268.6,22270.3
2025-04-24 19:54:42.085663,22269.7,22271.2
2025-04-24 19:54:42.711146,22269.2,22270.7
2025-04-24 19:54:43.472087,22269.6,22272.3
2025-04-24 19:54:44.968824,22269.6,22271.3
2025-04-24 19:54:46.468660,22269.2,22270.7
2025-04-24 19:54:48.436762,22268.6,22270.3
2025-04-24 19:54:49.186813,22269.2,22270.7
2025-04-24 19:54:49.935433,22268.6,22270.3
2025-04-24 19:54:52.487139,22267.6,22269.3
2025-04-24 19:54:53.539379,22267.2,22268.7
2025-04-24 19:54:55.132394,22267.6,22269.3
2025-04-24 19:54:55.967826,22267.2,22268.7
2025-04-24 19:54:58.592327,22268.2,22269.7
2025-04-24 19:54:58.827050,22267.2,22268.7
2025-04-24 19:54:59.073267,22266.2,22267.7
2025-04-24 19:54:59.336784,22265.6,22267.3
2025-04-24 19:54:59.879880,22266.2,22267.7
2025-04-24 19:55:00.629994,22265.6,22267.3
2025-04-24 19:55:01.386322,22263.6,22265.3
2025-04-24 19:55:02.885593,22264.2,22265.7
2025-04-24 19:55:03.638936,22265.2,22266.7
2025-04-24 19:55:04.386627,22265.6,22267.3
2025-04-24 19:55:05.135954,22266.6,22268.3
2025-04-24 19:55:05.348259,22264.2,22265.7
2025-04-24 19:55:06.852447,22266.2,22267.7
2025-04-24 19:55:08.670389,22266.6,22268.3
2025-04-24 19:55:09.771251,22267.2,22268.7
2025-04-24 19:55:10.535546,22266.6,22268.3
2025-04-24 19:55:11.822765,22267.2,22268.7
2025-04-24 19:55:12.568542,22267.6,22269.3
2025-04-24 19:55:13.084143,22266.6,22268.3
2025-04-24 19:55:14.133226,22267.2,22268.7
2025-04-24 19:55:15.149784,22267.6,22269.3
2025-04-24 19:55:16.608003,22266.2,22267.7
2025-04-24 19:55:17.313028,22266.6,22268.3
2025-04-24 19:55:18.051448,22266.2,22267.7
2025-04-24 19:55:18.674729,22266.6,22268.3
2025-04-24 19:55:19.291193,22266.2,22267.7
2025-04-24 19:55:20.013252,22267.2,22268.7
2025-04-24 19:55:20.769425,22267.6,22269.3
2025-04-24 19:55:22.268784,22267.2,22268.7
2025-04-24 19:55:23.048055,22267.6,22269.3
2025-04-24 19:55:23.787526,22268.2,22269.7
2025-04-24 19:55:25.286512,22268.6,22270.3
2025-04-24 19:55:27.084737,22268.2,22269.7
2025-04-24 19:55:27.714250,22268.7,22270.2
2025-04-24 19:55:29.216997,22266.6,22268.3
2025-04-24 19:55:29.799644,22267.7,22269.2
2025-04-24 19:55:30.343974,22268.2,22269.7
2025-04-24 19:55:31.086158,22267.2,22268.7
2025-04-24 19:55:31.327190,22267.6,22269.3
2025-04-24 19:55:32.066581,22268.2,22269.7
2025-04-24 19:55:32.818969,22267.2,22268.7
2025-04-24 19:55:33.569245,22267.6,22269.3
2025-04-24 19:55:34.041147,22268.2,22269.7
2025-04-24 19:55:34.454536,22267.6,22269.3
2025-04-24 19:55:35.201451,22267.2,22268.7
2025-04-24 19:55:35.528049,22266.6,22268.3
2025-04-24 19:55:36.257282,22265.6,22267.3
2025-04-24 19:55:38.403099,22266.2,22267.7
2025-04-24 19:55:40.135543,22265.6,22267.3
2025-04-24 19:55:40.881152,22266.2,22267.7
2025-04-24 19:55:42.484828,22265.6,22267.3
2025-04-24 19:55:43.524021,22266.2,22267.7
2025-04-24 19:55:45.054211,22267.2,22268.7
2025-04-24 19:55:46.904142,22267.7,22269.2
2025-04-24 19:55:47.366614,22267.6,22269.3
2025-04-24 19:55:48.133584,22267.2,22268.7
2025-04-24 19:55:49.387609,22267.6,22269.3
2025-04-24 19:55:51.951346,22270.7,22272.2
2025-04-24 19:55:52.699978,22269.2,22270.7
2025-04-24 19:55:54.536005,22270.7,22272.2
2025-04-24 19:55:55.156131,22269.6,22271.3
2025-04-24 19:55:56.567111,22270.2,22271.7
2025-04-24 19:55:57.519033,22270.7,22272.2
2025-04-24 19:55:58.287254,22270.2,22271.7
2025-04-24 19:55:59.802775,22270.7,22272.2
2025-04-24 19:56:00.573545,22271.2,22272.7
2025-04-24 19:56:02.991786,22270.7,22272.2
2025-04-24 19:56:03.750454,22268.6,22270.3
2025-04-24 19:56:04.490593,22269.2,22270.7
2025-04-24 19:56:06.001304,22270.6,22272.3
2025-04-24 19:56:07.568973,22269.7,22271.2
2025-04-24 19:56:08.664997,22270.2,22271.7
2025-04-24 19:56:09.421559,22269.7,22271.2
2025-04-24 19:56:10.170320,22268.6,22270.3
2025-04-24 19:56:11.001968,22269.6,22271.3
2025-04-24 19:56:11.753615,22270.2,22271.7
2025-04-24 19:56:12.565578,22271.7,22273.2
2025-04-24 19:56:15.888494,22270.7,22272.2
2025-04-24 19:56:19.633841,22271.2,22272.7
2025-04-24 19:56:20.373685,22271.7,22273.2
2025-04-24 19:56:21.315726,22271.6,22273.3
2025-04-24 19:56:23.865617,22270.2,22271.7
2025-04-24 19:56:25.286518,22268.6,22271.3
2025-04-24 19:56:25.987537,22269.2,22270.7
2025-04-24 19:56:26.748936,22269.6,22271.3
2025-04-24 19:56:29.469402,22269.2,22270.7
2025-04-24 19:56:31.607187,22270.2,22271.7
2025-04-24 19:56:34.431867,22269.6,22271.3
2025-04-24 19:56:38.348687,22268.6,22270.3
2025-04-24 19:56:39.098429,22269.2,22270.7
2025-04-24 19:56:42.378247,22269.7,22271.2
2025-04-24 19:56:43.234423,22269.6,22271.3
2025-04-24 19:56:43.674592,22270.2,22271.7
2025-04-24 19:56:43.918507,22269.6,22271.3
2025-04-24 19:56:45.693688,22270.2,22271.7
2025-04-24 19:56:46.449779,22272.2,22273.7
2025-04-24 19:56:47.201327,22273.7,22275.2
2025-04-24 19:56:47.524985,22273.2,22274.7
2025-04-24 19:56:48.271659,22277.2,22278.7
2025-04-24 19:56:49.032432,22276.6,22278.3
2025-04-24 19:56:49.354362,22276.2,22277.7
2025-04-24 19:56:50.100164,22276.6,22278.3
2025-04-24 19:56:50.850710,22276.2,22277.7
2025-04-24 19:56:52.351983,22275.6,22277.3
2025-04-24 19:56:53.004354,22275.2,22276.7
2025-04-24 19:56:53.777852,22274.2,22275.7
2025-04-24 19:56:56.025672,22274.7,22276.2
2025-04-24 19:56:58.000151,22274.6,22276.3
2025-04-24 19:56:59.313013,22274.2,22275.7
2025-04-24 19:56:59.867299,22273.6,22275.3
2025-04-24 19:57:02.546684,22271.6,22273.3
2025-04-24 19:57:03.299040,22272.6,22274.3
2025-04-24 19:57:04.803732,22272.2,22273.7
2025-04-24 19:57:05.554833,22272.7,22274.2
2025-04-24 19:57:06.317368,22273.2,22274.7
2025-04-24 19:57:07.816816,22273.6,22275.3
2025-04-24 19:57:08.566821,22274.2,22275.7
2025-04-24 19:57:09.320836,22274.7,22276.2
2025-04-24 19:57:11.586760,22274.6,22276.3
2025-04-24 19:57:17.900986,22275.7,22277.2
2025-04-24 19:57:20.145453,22275.6,22277.3
2025-04-24 19:57:21.667627,22274.7,22276.2
2025-04-24 19:57:23.965495,22274.6,22276.3
2025-04-24 19:57:24.714965,22275.6,22277.3
2025-04-24 19:57:25.649197,22276.2,22277.7
2025-04-24 19:57:26.682053,22275.7,22277.2
2025-04-24 19:57:28.294308,22276.2,22277.7
2025-04-24 19:57:29.048702,22276.7,22278.2
2025-04-24 19:57:30.102903,22277.6,22279.3
2025-04-24 19:57:30.997381,22277.2,22278.7
2025-04-24 19:57:31.748916,22277.6,22279.3
2025-04-24 19:57:34.291527,22278.7,22280.2
2025-04-24 19:57:39.151001,22279.7,22281.2
2025-04-24 19:57:40.473399,22280.2,22281.7
2025-04-24 19:57:41.570428,22279.7,22281.2
2025-04-24 19:57:42.330975,22278.6,22280.3
2025-04-24 19:57:43.735432,22278.2,22279.7
2025-04-24 19:57:44.472616,22277.2,22278.7
2025-04-24 19:57:45.230142,22277.6,22279.3
2025-04-24 19:57:46.732452,22277.2,22278.7
2025-04-24 19:57:48.233507,22277.6,22279.3
2025-04-24 19:57:50.601144,22278.2,22279.7
2025-04-24 19:57:50.852354,22279.2,22280.7
2025-04-24 19:57:53.106375,22278.6,22280.3
2025-04-24 19:57:54.607009,22277.6,22279.3
2025-04-24 19:57:56.245528,22278.7,22280.2
2025-04-24 19:57:56.998914,22278.2,22279.7
2025-04-24 19:57:58.059922,22277.6,22279.3
2025-04-24 19:57:58.615909,22276.2,22277.7
2025-04-24 19:57:58.857921,22276.6,22278.3
2025-04-24 19:58:02.017533,22277.2,22278.7
2025-04-24 19:58:02.765564,22278.2,22279.7
2025-04-24 19:58:05.010607,22278.7,22280.2
2025-04-24 19:58:05.764665,22280.6,22282.3
2025-04-24 19:58:06.035113,22279.6,22281.3
2025-04-24 19:58:07.375032,22279.2,22280.7
2025-04-24 19:58:09.617128,22277.2,22278.7
2025-04-24 19:58:10.366370,22276.2,22277.7
2025-04-24 19:58:11.250291,22275.2,22276.7
2025-04-24 19:58:13.387998,22274.2,22275.7
2025-04-24 19:58:14.886486,22274.6,22276.3
2025-04-24 19:58:16.984893,22275.2,22276.7
2025-04-24 19:58:17.384867,22276.2,22277.7
2025-04-24 19:58:17.959370,22275.6,22278.3
2025-04-24 19:58:19.367070,22274.6,22277.3
2025-04-24 19:58:21.620046,22277.6,22279.3
2025-04-24 19:58:23.113463,22276.6,22279.3
2025-04-24 19:58:23.872227,22277.6,22280.3
2025-04-24 19:58:24.615117,22279.2,22280.7
2025-04-24 19:58:26.118667,22278.2,22279.7
2025-04-24 19:58:26.864307,22278.6,22281.3
2025-04-24 19:58:28.183814,22278.6,22280.3
2025-04-24 19:58:28.930849,22279.2,22280.7
2025-04-24 19:58:30.427512,22280.7,22282.2
2025-04-24 19:58:31.932052,22278.6,22281.3
2025-04-24 19:58:32.682451,22280.2,22281.7
2025-04-24 19:58:35.764678,22278.2,22279.7
2025-04-24 19:58:37.132788,22279.2,22280.7
2025-04-24 19:58:37.505894,22279.6,22281.3
2025-04-24 19:58:39.570909,22280.2,22281.7
2025-04-24 19:58:41.100183,22279.6,22281.3
2025-04-24 19:58:41.851324,22278.6,22281.3
2025-04-24 19:58:42.597334,22280.2,22281.7
2025-04-24 19:58:44.104265,22279.6,22281.3
2025-04-24 19:58:44.855348,22280.7,22282.2
2025-04-24 19:58:45.605445,22280.6,22282.3
2025-04-24 19:58:46.260483,22280.2,22281.7
2025-04-24 19:58:50.934790,22280.6,22282.3
2025-04-24 19:58:52.634023,22281.2,22282.7
2025-04-24 19:58:53.443604,22281.6,22283.3
2025-04-24 19:58:54.949123,22282.2,22283.7
2025-04-24 19:58:55.697583,22281.2,22282.7
2025-04-24 19:58:57.383819,22280.6,22282.3
2025-04-24 19:58:58.378895,22279.2,22280.7
2025-04-24 19:58:59.128183,22278.2,22279.7
2025-04-24 19:59:00.803755,22277.6,22279.3
2025-04-24 19:59:02.716195,22278.6,22281.3
2025-04-24 19:59:03.466172,22277.6,22280.3
2025-04-24 19:59:05.460605,22277.2,22278.7
2025-04-24 19:59:06.210206,22278.2,22279.7
2025-04-24 19:59:06.687888,22277.6,22280.3
2025-04-24 19:59:08.502172,22274.7,22276.2
2025-04-24 19:59:09.409941,22274.2,22275.7
2025-04-24 19:59:10.957879,22275.2,22276.7
2025-04-24 19:59:12.847355,22274.6,22276.3
2025-04-24 19:59:13.290371,22275.6,22278.3
2025-04-24 19:59:16.898544,22274.6,22278.3
2025-04-24 19:59:17.201488,22274.6,22277.3
2025-04-24 19:59:17.953792,22274.6,22278.3
2025-04-24 19:59:18.692577,22276.6,22278.3
2025-04-24 19:59:19.250516,22273.6,22278.3
2025-04-24 19:59:19.569314,22274.6,22277.3
2025-04-24 19:59:20.605841,22275.7,22277.2
2025-04-24 19:59:20.860608,22276.7,22278.2
2025-04-24 19:59:21.624819,22277.2,22278.7
2025-04-24 19:59:22.369707,22278.7,22280.2
2025-04-24 19:59:22.571348,22275.6,22279.3
2025-04-24 19:59:23.516460,22276.2,22277.7
2025-04-24 19:59:25.013363,22274.6,22277.3
2025-04-24 19:59:25.764430,22276.2,22277.7
2025-04-24 19:59:26.507314,22276.7,22278.2
2025-04-24 19:59:27.299293,22274.6,22278.3
2025-04-24 19:59:27.567935,22274.6,22279.3
2025-04-24 19:59:28.286397,22274.6,22278.3
2025-04-24 19:59:29.033629,22276.6,22279.3
2025-04-24 19:59:31.639232,22277.2,22278.7
2025-04-24 19:59:31.891066,22278.7,22280.2
2025-04-24 19:59:32.510871,22274.6,22278.3
2025-04-24 19:59:33.266109,22274.6,22277.3
2025-04-24 19:59:38.022165,22272.6,22276.3
2025-04-24 19:59:38.773785,22272.6,22274.3
2025-04-24 19:59:39.527790,22272.6,22275.3
2025-04-24 19:59:42.528265,22272.6,22276.3
2025-04-24 19:59:43.451758,22272.6,22278.3
2025-04-24 19:59:44.059474,22276.7,22278.2
2025-04-24 19:59:44.300186,22277.2,22278.7
2025-04-24 19:59:44.827281,22277.7,22279.2
2025-04-24 19:59:46.087136,22277.6,22279.3
2025-04-24 19:59:47.591390,22277.2,22278.7
2025-04-24 19:59:48.119230,22277.7,22279.2
2025-04-24 19:59:48.411685,22276.6,22279.3
2025-04-24 19:59:48.663248,22276.2,22277.7
2025-04-24 19:59:49.163400,22277.2,22278.7
2025-04-24 19:59:49.858978,22277.6,22279.3
2025-04-24 19:59:50.180374,22278.7,22280.2
2025-04-24 19:59:50.448821,22280.6,22282.3
2025-04-24 19:59:51.198559,22279.7,22281.2
2025-04-24 19:59:52.693921,22276.6,22278.3
2025-04-24 19:59:53.446995,22277.6,22279.3
2025-04-24 19:59:54.473775,22277.2,22278.7
2025-04-24 19:59:55.126907,22277.7,22279.2
2025-04-24 19:59:55.974857,22278.2,22279.7
2025-04-24 19:59:56.898808,22277.6,22279.3
2025-04-24 19:59:57.646040,22276.7,22278.2
2025-04-24 19:59:57.986467,22276.6,22278.3
