timestamp,bid,ask
2025-12-12 18:07:00.915994,24258.6,24260.3
2025-12-12 18:07:01.207808,24259.3,24260.7
2025-12-12 18:07:01.893462,24258.6,24260.3
2025-12-12 18:07:02.741779,24259.3,24260.7
2025-12-12 18:07:03.195908,24259.6,24261.3
2025-12-12 18:07:03.442066,24260.3,24261.7
2025-12-12 18:07:03.914619,24260.6,24262.3
2025-12-12 18:07:09.116579,24259.6,24261.3
2025-12-12 18:07:10.134069,24258.6,24260.3
2025-12-12 18:07:10.302534,24259.3,24260.7
2025-12-12 18:07:13.448744,24259.6,24261.3
2025-12-12 18:07:15.905771,24260.3,24261.7
2025-12-12 18:07:16.186269,24259.6,24261.3
2025-12-12 18:07:16.479465,24260.3,24261.7
2025-12-12 18:07:19.207588,24259.6,24261.3
2025-12-12 18:07:19.654135,24260.3,24261.7
2025-12-12 18:07:20.083679,24259.6,24261.3
2025-12-12 18:07:24.054990,24259.3,24260.7
2025-12-12 18:07:24.669983,24259.6,24261.3
2025-12-12 18:07:26.095904,24260.3,24261.7
2025-12-12 18:07:27.175870,24260.6,24262.3
2025-12-12 18:07:28.222579,24261.3,24262.7
2025-12-12 18:07:28.939995,24260.6,24262.3
2025-12-12 18:07:29.572653,24261.3,24262.7
2025-12-12 18:07:30.723754,24260.6,24262.3
2025-12-12 18:07:33.670696,24261.3,24262.7
2025-12-12 18:07:34.917168,24259.6,24262.3
2025-12-12 18:07:36.415606,24260.6,24262.3
2025-12-12 18:07:38.745577,24260.3,24261.7
2025-12-12 18:07:38.848112,24258.6,24260.3
2025-12-12 18:07:39.718372,24258.3,24259.7
2025-12-12 18:07:39.898890,24257.3,24258.7
2025-12-12 18:07:40.397244,24257.6,24259.3
2025-12-12 18:07:41.040744,24258.3,24259.7
2025-12-12 18:07:41.367040,24258.6,24260.3
2025-12-12 18:07:42.849033,24257.6,24259.3
2025-12-12 18:07:43.366750,24258.3,24259.7
2025-12-12 18:07:44.541232,24258.6,24260.3
2025-12-12 18:07:46.465666,24261.3,24262.7
2025-12-12 18:07:55.672045,24260.6,24262.3
2025-12-12 18:08:00.453996,24259.6,24261.3
2025-12-12 18:08:02.048337,24258.3,24259.7
2025-12-12 18:08:02.514906,24258.6,24260.3
2025-12-12 18:08:05.504594,24259.3,24260.7
2025-12-12 18:08:08.008510,24259.8,24261.2
2025-12-12 18:08:08.115467,24259.3,24260.7
2025-12-12 18:08:09.475924,24259.6,24261.3
2025-12-12 18:08:10.638974,24260.3,24261.7
2025-12-12 18:08:11.510692,24260.8,24262.2
2025-12-12 18:08:13.822739,24259.6,24261.3
2025-12-12 18:08:14.708737,24259.3,24260.7
2025-12-12 18:08:14.782358,24258.6,24260.3
2025-12-12 18:08:15.311523,24258.3,24259.7
2025-12-12 18:08:15.543001,24257.6,24259.3
2025-12-12 18:08:16.590877,24256.6,24258.3
2025-12-12 18:08:17.784305,24256.8,24258.2
2025-12-12 18:08:18.632339,24256.3,24257.7
2025-12-12 18:08:19.658207,24256.6,24258.3
2025-12-12 18:08:20.703648,24256.3,24257.7
2025-12-12 18:08:21.400911,24257.3,24258.7
2025-12-12 18:08:21.679254,24256.6,24258.3
2025-12-12 18:08:24.197222,24257.3,24258.7
2025-12-12 18:08:26.144581,24256.6,24258.3
2025-12-12 18:08:27.796397,24257.6,24259.3
2025-12-12 18:08:31.556459,24258.3,24259.7
2025-12-12 18:08:53.015590,24258.8,24260.2
2025-12-12 18:08:54.114771,24259.3,24260.7
2025-12-12 18:08:55.404287,24260.3,24261.7
2025-12-12 18:08:56.846028,24259.8,24261.2
2025-12-12 18:08:59.179295,24259.6,24261.3
2025-12-12 18:09:00.890216,24260.8,24262.2
2025-12-12 18:09:04.626526,24260.3,24261.7
2025-12-12 18:09:06.882230,24260.8,24262.2
2025-12-12 18:09:07.304030,24260.3,24261.7
2025-12-12 18:09:08.292402,24259.8,24261.2
2025-12-12 18:09:09.883519,24260.6,24262.3
2025-12-12 18:09:11.585689,24260.3,24261.7
2025-12-12 18:09:12.504575,24261.3,24262.7
2025-12-12 18:09:15.466664,24261.6,24263.3
2025-12-12 18:09:16.457029,24260.6,24262.3
2025-12-12 18:09:16.695513,24260.8,24262.2
2025-12-12 18:09:17.606731,24261.6,24263.3
2025-12-12 18:09:18.027218,24261.3,24262.7
2025-12-12 18:09:19.794500,24260.6,24262.3
2025-12-12 18:09:23.667167,24261.3,24262.7
2025-12-12 18:09:25.379025,24261.6,24263.3
2025-12-12 18:09:26.415981,24261.3,24262.7
2025-12-12 18:09:28.561123,24261.6,24263.3
2025-12-12 18:09:34.177509,24261.3,24262.7
2025-12-12 18:09:40.560210,24260.6,24262.3
2025-12-12 18:09:41.478068,24259.6,24261.3
2025-12-12 18:09:42.909709,24259.3,24260.7
2025-12-12 18:09:43.189741,24259.6,24261.3
2025-12-12 18:09:43.858723,24259.3,24260.7
2025-12-12 18:09:46.917930,24258.6,24260.3
2025-12-12 18:09:47.832044,24258.3,24259.7
2025-12-12 18:09:49.818556,24258.6,24260.3
2025-12-12 18:09:53.197621,24258.3,24259.7
2025-12-12 18:09:55.341173,24259.3,24260.7
2025-12-12 18:09:56.008619,24258.6,24260.3
2025-12-12 18:09:58.046397,24258.3,24259.7
2025-12-12 18:09:58.484268,24258.6,24260.3
2025-12-12 18:10:00.696215,24257.3,24258.7
2025-12-12 18:10:01.792668,24257.6,24259.3
2025-12-12 18:10:02.580788,24256.6,24258.3
2025-12-12 18:10:03.564843,24257.6,24259.3
2025-12-12 18:10:05.546400,24257.3,24258.7
2025-12-12 18:10:06.127385,24257.6,24259.3
2025-12-12 18:10:06.577631,24257.3,24258.7
2025-12-12 18:10:06.806529,24257.6,24259.3
2025-12-12 18:10:09.089894,24257.3,24258.7
2025-12-12 18:10:10.632698,24256.6,24258.3
2025-12-12 18:10:12.413814,24256.3,24257.7
2025-12-12 18:10:13.354280,24256.6,24258.3
2025-12-12 18:10:17.926092,24255.6,24257.3
2025-12-12 18:10:18.868934,24256.8,24258.2
2025-12-12 18:10:19.067425,24255.8,24257.2
2025-12-12 18:10:24.489475,24256.8,24258.2
2025-12-12 18:10:24.594498,24255.8,24257.2
2025-12-12 18:10:25.278916,24255.6,24257.3
2025-12-12 18:10:25.683717,24255.8,24257.2
2025-12-12 18:10:29.322961,24256.8,24258.2
2025-12-12 18:10:29.825333,24256.3,24257.7
2025-12-12 18:10:30.419391,24256.6,24258.3
2025-12-12 18:10:32.746090,24257.3,24258.7
2025-12-12 18:10:33.828502,24257.8,24259.2
2025-12-12 18:10:34.294750,24257.3,24258.7
2025-12-12 18:10:35.019434,24257.6,24259.3
2025-12-12 18:10:35.391624,24256.8,24258.2
2025-12-12 18:10:35.500340,24257.3,24258.7
2025-12-12 18:10:36.859112,24256.6,24258.3
2025-12-12 18:10:38.358854,24257.3,24258.7
2025-12-12 18:10:38.695233,24256.6,24258.3
2025-12-12 18:10:43.814752,24257.3,24258.7
2025-12-12 18:10:45.780439,24256.6,24258.3
2025-12-12 18:10:47.272680,24254.6,24257.3
2025-12-12 18:10:52.369345,24255.6,24258.3
2025-12-12 18:10:54.217452,24255.6,24257.3
2025-12-12 18:11:00.600513,24255.6,24258.3
2025-12-12 18:11:03.061677,24255.6,24257.3
2025-12-12 18:11:07.605760,24255.3,24256.7
2025-12-12 18:11:11.470945,24255.6,24257.3
2025-12-12 18:11:12.842814,24255.3,24256.7
2025-12-12 18:11:14.670900,24255.6,24257.3
2025-12-12 18:11:14.931346,24255.6,24258.3
2025-12-12 18:11:15.164726,24255.6,24259.3
2025-12-12 18:11:15.411772,24256.6,24259.3
2025-12-12 18:11:15.907616,24257.6,24259.3
2025-12-12 18:11:17.325305,24257.3,24258.7
2025-12-12 18:11:18.283279,24257.6,24259.3
2025-12-12 18:11:19.445582,24257.3,24258.7
2025-12-12 18:11:20.853958,24257.6,24259.3
2025-12-12 18:11:23.714568,24258.6,24260.3
2025-12-12 18:11:24.483889,24259.3,24260.7
2025-12-12 18:11:24.753588,24259.6,24261.3
2025-12-12 18:11:25.726318,24259.3,24260.7
2025-12-12 18:11:26.321696,24259.6,24261.3
2025-12-12 18:11:30.321823,24258.8,24260.2
2025-12-12 18:11:30.588524,24258.3,24259.7
2025-12-12 18:11:31.148713,24257.8,24259.2
2025-12-12 18:11:31.792134,24257.3,24258.7
2025-12-12 18:11:32.478827,24256.8,24258.2
2025-12-12 18:11:32.677884,24257.3,24258.7
2025-12-12 18:11:33.474897,24256.8,24258.2
2025-12-12 18:11:39.032969,24256.3,24257.7
2025-12-12 18:11:41.889055,24256.6,24258.3
2025-12-12 18:11:43.474440,24257.3,24258.7
2025-12-12 18:11:45.634212,24256.6,24258.3
2025-12-12 18:11:46.695221,24257.3,24258.7
2025-12-12 18:11:53.506179,24256.6,24258.3
2025-12-12 18:11:54.512661,24256.3,24257.7
2025-12-12 18:11:54.993737,24256.6,24258.3
2025-12-12 18:11:56.842163,24257.3,24258.7
2025-12-12 18:11:57.093760,24256.6,24258.3
2025-12-12 18:11:57.308762,24256.3,24257.7
2025-12-12 18:11:58.608007,24256.6,24258.3
2025-12-12 18:11:58.841725,24257.3,24258.7
2025-12-12 18:12:00.252882,24262.3,24263.7
2025-12-12 18:12:00.516028,24263.3,24264.7
2025-12-12 18:12:00.949334,24263.6,24265.3
2025-12-12 18:12:01.258362,24266.6,24270.3
2025-12-12 18:12:01.473954,24272.8,24274.2
2025-12-12 18:12:01.924900,24269.6,24271.3
2025-12-12 18:12:02.140511,24270.6,24272.3
2025-12-12 18:12:02.351974,24268.6,24270.3
2025-12-12 18:12:02.618494,24269.6,24271.3
2025-12-12 18:12:03.070102,24270.3,24271.7
2025-12-12 18:12:03.502418,24268.6,24270.3
2025-12-12 18:12:03.764106,24267.6,24269.3
2025-12-12 18:12:04.171116,24266.8,24268.2
2025-12-12 18:12:04.491713,24266.3,24267.7
2025-12-12 18:12:04.753097,24267.6,24269.3
2025-12-12 18:12:05.404591,24267.6,24270.3
2025-12-12 18:12:05.945204,24267.6,24269.3
2025-12-12 18:12:05.989845,24267.3,24268.7
2025-12-12 18:12:06.383008,24266.6,24268.3
2025-12-12 18:12:06.681243,24265.6,24267.3
2025-12-12 18:12:07.394712,24266.3,24267.7
2025-12-12 18:12:07.622168,24266.6,24268.3
2025-12-12 18:12:08.232634,24266.6,24269.3
2025-12-12 18:12:08.481126,24271.3,24272.7
2025-12-12 18:12:08.705325,24270.6,24272.3
2025-12-12 18:12:08.943244,24271.3,24272.7
2025-12-12 18:12:09.377413,24272.6,24274.3
2025-12-12 18:12:09.546191,24271.6,24274.3
2025-12-12 18:12:10.023201,24273.6,24275.3
2025-12-12 18:12:10.258443,24275.6,24277.3
2025-12-12 18:12:10.727731,24275.6,24278.3
2025-12-12 18:12:10.978655,24276.6,24278.3
2025-12-12 18:12:11.075680,24275.6,24278.3
2025-12-12 18:12:11.353303,24276.6,24279.3
2025-12-12 18:12:11.600396,24278.6,24280.3
2025-12-12 18:12:12.059496,24278.3,24279.7
2025-12-12 18:12:12.540462,24280.3,24281.7
2025-12-12 18:12:12.776798,24282.3,24283.7
2025-12-12 18:12:13.085477,24282.6,24285.3
2025-12-12 18:12:13.498271,24283.3,24284.7
2025-12-12 18:12:13.761178,24281.6,24283.3
2025-12-12 18:12:14.105310,24279.6,24282.3
2025-12-12 18:12:14.440680,24281.3,24282.7
2025-12-12 18:12:14.660039,24284.3,24285.7
2025-12-12 18:12:14.968398,24285.6,24287.3
2025-12-12 18:12:15.314131,24283.6,24287.3
2025-12-12 18:12:15.838891,24282.6,24285.3
2025-12-12 18:12:16.692190,24281.6,24283.3
2025-12-12 18:12:17.074069,24282.3,24283.7
2025-12-12 18:12:17.342554,24282.6,24284.3
2025-12-12 18:12:17.804480,24282.3,24283.7
2025-12-12 18:12:18.239356,24283.3,24284.7
2025-12-12 18:12:18.277258,24281.6,24283.3
2025-12-12 18:12:18.633574,24281.3,24282.7
2025-12-12 18:12:19.344236,24281.6,24283.3
2025-12-12 18:12:19.713280,24283.3,24284.7
2025-12-12 18:12:20.300770,24281.6,24284.3
2025-12-12 18:12:20.996535,24282.3,24283.7
2025-12-12 18:12:21.199693,24281.6,24284.3
2025-12-12 18:12:21.460630,24283.3,24284.7
2025-12-12 18:12:22.344982,24282.6,24285.3
2025-12-12 18:12:22.581544,24282.6,24284.3
2025-12-12 18:12:22.893054,24282.3,24283.7
2025-12-12 18:12:23.461410,24281.3,24282.7
2025-12-12 18:12:23.568990,24281.6,24283.3
2025-12-12 18:12:24.065705,24280.6,24283.3
2025-12-12 18:12:24.296092,24280.3,24281.7
2025-12-12 18:12:24.593633,24279.3,24280.7
2025-12-12 18:12:24.718860,24278.6,24280.3
2025-12-12 18:12:25.165704,24279.6,24281.3
2025-12-12 18:12:25.513814,24279.3,24280.7
2025-12-12 18:12:25.747321,24277.6,24279.3
2025-12-12 18:12:26.089865,24278.6,24280.3
2025-12-12 18:12:27.062166,24276.6,24279.3
2025-12-12 18:12:27.387713,24277.3,24278.7
2025-12-12 18:12:30.800712,24277.6,24279.3
2025-12-12 18:12:31.270781,24276.6,24279.3
2025-12-12 18:12:31.733386,24276.6,24278.3
2025-12-12 18:12:32.086895,24277.6,24279.3
2025-12-12 18:12:32.783214,24277.6,24280.3
2025-12-12 18:12:33.571594,24278.6,24280.3
2025-12-12 18:12:33.809231,24280.3,24281.7
2025-12-12 18:12:34.067366,24279.6,24282.3
2025-12-12 18:12:34.744502,24278.3,24279.7
2025-12-12 18:12:34.962235,24277.6,24281.3
2025-12-12 18:12:36.139998,24277.6,24279.3
2025-12-12 18:12:36.585967,24277.6,24280.3
2025-12-12 18:12:36.841040,24277.6,24279.3
2025-12-12 18:12:37.835308,24277.6,24280.3
2025-12-12 18:12:40.089764,24277.6,24279.3
2025-12-12 18:12:41.492473,24277.6,24280.3
2025-12-12 18:12:42.418712,24277.6,24279.3
2025-12-12 18:12:43.640856,24277.6,24280.3
2025-12-12 18:12:43.868328,24279.6,24281.3
2025-12-12 18:12:44.864131,24279.3,24280.7
2025-12-12 18:12:45.155275,24278.3,24279.7
2025-12-12 18:12:45.879349,24279.3,24280.7
2025-12-12 18:12:46.126088,24278.6,24280.3
2025-12-12 18:12:46.836513,24279.6,24281.3
2025-12-12 18:12:48.045465,24280.6,24282.3
2025-12-12 18:12:48.294204,24279.3,24280.7
2025-12-12 18:12:49.758324,24278.6,24281.3
2025-12-12 18:12:49.987725,24278.6,24280.3
2025-12-12 18:12:51.849726,24278.3,24279.7
2025-12-12 18:12:52.544140,24277.6,24279.3
2025-12-12 18:12:53.114682,24278.6,24281.3
2025-12-12 18:12:54.541875,24278.3,24279.7
2025-12-12 18:12:55.766600,24277.6,24280.3
2025-12-12 18:12:56.262653,24276.6,24279.3
2025-12-12 18:12:57.718656,24275.3,24276.7
2025-12-12 18:12:58.144612,24276.3,24277.7
2025-12-12 18:12:59.578596,24276.6,24278.3
2025-12-12 18:13:01.169658,24277.6,24279.3
2025-12-12 18:13:01.829903,24278.6,24281.3
2025-12-12 18:13:02.061357,24278.3,24279.7
2025-12-12 18:13:03.503734,24277.6,24280.3
2025-12-12 18:13:03.982637,24278.6,24281.3
2025-12-12 18:13:04.196684,24278.3,24279.7
2025-12-12 18:13:04.628155,24277.6,24280.3
2025-12-12 18:13:05.866366,24278.6,24281.3
2025-12-12 18:13:06.547996,24278.3,24279.7
2025-12-12 18:13:06.857421,24277.6,24279.3
2025-12-12 18:13:07.552031,24278.3,24279.7
2025-12-12 18:13:07.949629,24277.6,24279.3
2025-12-12 18:13:08.511700,24278.6,24280.3
2025-12-12 18:13:08.841239,24278.6,24281.3
2025-12-12 18:13:09.351360,24278.6,24280.3
2025-12-12 18:13:10.260321,24277.8,24279.2
2025-12-12 18:13:11.002875,24277.3,24278.7
2025-12-12 18:13:14.789381,24276.3,24277.7
2025-12-12 18:13:17.076069,24275.6,24277.3
2025-12-12 18:13:17.817204,24275.3,24276.7
2025-12-12 18:13:18.772318,24274.6,24276.3
2025-12-12 18:13:19.796173,24273.6,24275.3
2025-12-12 18:13:20.234911,24274.3,24275.7
2025-12-12 18:13:21.859558,24273.3,24274.7
2025-12-12 18:13:22.991018,24272.6,24274.3
2025-12-12 18:13:23.839560,24272.3,24273.7
2025-12-12 18:13:24.233255,24271.8,24273.2
2025-12-12 18:13:24.696858,24270.6,24272.3
2025-12-12 18:13:24.772791,24269.6,24271.3
2025-12-12 18:13:25.431427,24268.6,24271.3
2025-12-12 18:13:25.867911,24269.3,24270.7
2025-12-12 18:13:26.498613,24270.3,24271.7
2025-12-12 18:13:26.997827,24269.8,24271.2
2025-12-12 18:13:28.791259,24268.6,24270.3
2025-12-12 18:13:29.770604,24269.3,24270.7
2025-12-12 18:13:30.349394,24268.6,24270.3
2025-12-12 18:13:30.967005,24268.3,24269.7
2025-12-12 18:13:32.461787,24267.6,24269.3
2025-12-12 18:13:33.382123,24267.3,24268.7
2025-12-12 18:13:37.753308,24266.6,24268.3
2025-12-12 18:13:39.152500,24267.6,24269.3
2025-12-12 18:13:40.952507,24267.3,24268.7
2025-12-12 18:13:41.168965,24266.8,24268.2
2025-12-12 18:13:42.841496,24266.3,24267.7
2025-12-12 18:13:43.846210,24265.6,24267.3
2025-12-12 18:13:44.049276,24266.3,24267.7
2025-12-12 18:13:45.873578,24265.6,24267.3
2025-12-12 18:13:47.076527,24266.3,24267.7
2025-12-12 18:13:47.510837,24265.8,24267.2
2025-12-12 18:13:48.101404,24265.6,24267.3
2025-12-12 18:13:48.810935,24265.3,24266.7
2025-12-12 18:13:51.691088,24265.6,24267.3
2025-12-12 18:13:52.110226,24266.3,24267.7
2025-12-12 18:13:52.866973,24266.6,24268.3
2025-12-12 18:13:52.988706,24267.3,24268.7
2025-12-12 18:13:53.499576,24266.3,24267.7
2025-12-12 18:13:54.627773,24266.6,24268.3
2025-12-12 18:13:54.859740,24267.6,24269.3
2025-12-12 18:13:57.760368,24268.6,24270.3
2025-12-12 18:13:57.984274,24269.6,24271.3
2025-12-12 18:13:58.383772,24270.6,24272.3
2025-12-12 18:13:58.867628,24271.6,24273.3
2025-12-12 18:13:59.624224,24272.3,24273.7
2025-12-12 18:14:00.032442,24273.3,24274.7
2025-12-12 18:14:00.559927,24273.6,24275.3
2025-12-12 18:14:00.756174,24272.6,24274.3
2025-12-12 18:14:02.699056,24271.6,24274.3
2025-12-12 18:14:02.994753,24272.6,24274.3
2025-12-12 18:14:06.044214,24273.3,24274.7
2025-12-12 18:14:06.603768,24273.6,24275.3
2025-12-12 18:14:07.318914,24273.3,24274.7
2025-12-12 18:14:09.247556,24272.6,24274.3
2025-12-12 18:14:09.507874,24271.6,24274.3
2025-12-12 18:14:09.770385,24271.6,24273.3
2025-12-12 18:14:10.224218,24270.3,24271.7
2025-12-12 18:14:13.687512,24269.6,24271.3
2025-12-12 18:14:14.419803,24270.3,24271.7
2025-12-12 18:14:15.692506,24269.6,24271.3
2025-12-12 18:14:16.314711,24268.6,24270.3
2025-12-12 18:14:18.002987,24268.6,24271.3
2025-12-12 18:14:18.688542,24268.3,24269.7
2025-12-12 18:14:24.800062,24267.3,24268.7
2025-12-12 18:14:29.793154,24268.3,24269.7
2025-12-12 18:14:31.461702,24268.6,24270.3
2025-12-12 18:14:33.553798,24269.3,24270.7
2025-12-12 18:14:33.787238,24269.6,24271.3
2025-12-12 18:14:34.591811,24269.3,24270.7
2025-12-12 18:14:35.070875,24268.8,24270.2
2025-12-12 18:14:36.177210,24268.3,24269.7
2025-12-12 18:14:36.595521,24268.6,24270.3
2025-12-12 18:14:36.997382,24268.3,24269.7
2025-12-12 18:14:37.449414,24268.6,24270.3
2025-12-12 18:14:37.973973,24269.3,24270.7
2025-12-12 18:14:38.380817,24268.6,24270.3
2025-12-12 18:14:38.759645,24268.3,24269.7
2025-12-12 18:14:39.345572,24268.6,24270.3
2025-12-12 18:14:39.550860,24269.6,24272.3
2025-12-12 18:14:39.785772,24269.3,24270.7
2025-12-12 18:14:41.474938,24267.8,24269.2
2025-12-12 18:14:41.701670,24267.3,24268.7
2025-12-12 18:14:41.951464,24268.3,24269.7
2025-12-12 18:14:42.788871,24268.6,24270.3
2025-12-12 18:14:45.888767,24269.3,24270.7
2025-12-12 18:14:47.619917,24270.3,24271.7
2025-12-12 18:14:48.004308,24269.3,24270.7
2025-12-12 18:14:48.638233,24269.6,24271.3
2025-12-12 18:14:48.849016,24269.3,24270.7
2025-12-12 18:14:49.100209,24269.6,24271.3
2025-12-12 18:14:49.437774,24270.3,24271.7
2025-12-12 18:14:50.585609,24269.3,24270.7
2025-12-12 18:14:52.179159,24268.6,24270.3
2025-12-12 18:14:53.612850,24269.3,24270.7
2025-12-12 18:14:54.122003,24269.6,24271.3
2025-12-12 18:14:58.888970,24269.3,24270.7
2025-12-12 18:14:59.258013,24269.6,24271.3
2025-12-12 18:14:59.590955,24270.3,24271.7
2025-12-12 18:15:00.082869,24270.6,24272.3
2025-12-12 18:15:00.546679,24271.3,24272.7
2025-12-12 18:15:00.900847,24269.3,24270.7
2025-12-12 18:15:01.318236,24269.6,24271.3
2025-12-12 18:15:02.449705,24270.3,24271.7
2025-12-12 18:15:02.697956,24271.3,24272.7
2025-12-12 18:15:02.912594,24272.3,24273.7
2025-12-12 18:15:03.382543,24271.6,24273.3
2025-12-12 18:15:04.721062,24271.3,24272.7
2025-12-12 18:15:06.851048,24271.6,24273.3
2025-12-12 18:15:07.066193,24271.3,24272.7
2025-12-12 18:15:08.554434,24272.3,24273.7
2025-12-12 18:15:10.577716,24271.6,24273.3
2025-12-12 18:15:16.616870,24272.6,24274.3
2025-12-12 18:15:17.596280,24272.3,24273.7
2025-12-12 18:15:17.986279,24272.6,24274.3
2025-12-12 18:15:18.273966,24273.3,24274.7
2025-12-12 18:15:18.749130,24272.6,24274.3
2025-12-12 18:15:21.548536,24274.3,24275.7
2025-12-12 18:15:22.249180,24275.6,24277.3
2025-12-12 18:15:22.775702,24276.6,24278.3
2025-12-12 18:15:24.661178,24276.6,24279.3
2025-12-12 18:15:33.892819,24276.6,24278.3
2025-12-12 18:15:35.675225,24277.3,24278.7
2025-12-12 18:15:36.582999,24278.6,24280.3
2025-12-12 18:15:38.674942,24278.3,24279.7
2025-12-12 18:15:40.878576,24277.6,24279.3
2025-12-12 18:15:42.246418,24278.3,24279.7
2025-12-12 18:15:42.661755,24277.6,24279.3
2025-12-12 18:15:43.174390,24277.6,24280.3
2025-12-12 18:15:43.404632,24278.3,24279.7
2025-12-12 18:15:45.237807,24278.6,24280.3
2025-12-12 18:15:48.827145,24277.6,24279.3
2025-12-12 18:15:50.424103,24278.3,24279.7
2025-12-12 18:15:51.137330,24278.6,24280.3
2025-12-12 18:15:52.319404,24278.3,24279.7
2025-12-12 18:15:52.581513,24278.6,24280.3
2025-12-12 18:15:53.330009,24278.3,24279.7
2025-12-12 18:15:54.603484,24278.6,24280.3
2025-12-12 18:15:54.879724,24278.3,24279.7
2025-12-12 18:15:55.157513,24277.8,24279.2
2025-12-12 18:15:55.826132,24276.6,24278.3
2025-12-12 18:15:57.293792,24275.6,24277.3
2025-12-12 18:15:59.642436,24275.3,24276.7
2025-12-12 18:16:00.137157,24273.6,24275.3
2025-12-12 18:16:00.909925,24274.3,24275.7
2025-12-12 18:16:01.143406,24273.6,24275.3
2025-12-12 18:16:02.413825,24273.3,24274.7
2025-12-12 18:16:02.929122,24273.6,24275.3
2025-12-12 18:16:04.897953,24274.3,24275.7
2025-12-12 18:16:05.625645,24274.6,24276.3
2025-12-12 18:16:08.805906,24276.3,24277.7
2025-12-12 18:16:11.148267,24275.6,24277.3
2025-12-12 18:16:12.425934,24276.3,24277.7
2025-12-12 18:16:14.956749,24276.6,24278.3
2025-12-12 18:16:16.443249,24277.6,24279.3
2025-12-12 18:16:18.248379,24278.6,24280.3
2025-12-12 18:16:19.660220,24277.6,24279.3
2025-12-12 18:16:20.359323,24278.3,24279.7
2025-12-12 18:16:20.646929,24278.6,24280.3
2025-12-12 18:16:21.142415,24278.3,24279.7
2025-12-12 18:16:21.435289,24278.6,24280.3
2025-12-12 18:16:28.815292,24277.8,24279.2
2025-12-12 18:16:31.644732,24278.6,24280.3
2025-12-12 18:16:34.597094,24279.6,24281.3
2025-12-12 18:16:34.956246,24280.6,24282.3
2025-12-12 18:16:36.364392,24281.3,24282.7
2025-12-12 18:16:43.036500,24282.3,24283.7
2025-12-12 18:16:44.758727,24282.6,24284.3
2025-12-12 18:16:48.441330,24278.3,24279.7
2025-12-12 18:16:49.555899,24277.6,24279.3
2025-12-12 18:16:54.231798,24278.3,24279.7
2025-12-12 18:16:54.991012,24277.6,24279.3
2025-12-12 18:16:55.267472,24277.3,24278.7
2025-12-12 18:16:55.671055,24276.6,24278.3
2025-12-12 18:16:56.601512,24275.6,24277.3
2025-12-12 18:16:56.830419,24276.3,24277.7
2025-12-12 18:16:57.594389,24275.6,24277.3
2025-12-12 18:16:58.668034,24276.3,24277.7
2025-12-12 18:16:59.953938,24276.6,24278.3
2025-12-12 18:17:00.323092,24277.3,24278.7
2025-12-12 18:17:00.634293,24277.6,24279.3
2025-12-12 18:17:01.173877,24277.3,24278.7
2025-12-12 18:17:03.907426,24277.6,24279.3
2025-12-12 18:17:06.463897,24277.8,24279.2
2025-12-12 18:17:06.680983,24278.3,24279.7
2025-12-12 18:17:08.348845,24278.6,24280.3
2025-12-12 18:17:10.890836,24278.8,24280.2
2025-12-12 18:17:11.056413,24279.3,24280.7
2025-12-12 18:17:11.389842,24277.8,24279.2
2025-12-12 18:17:12.055026,24277.3,24278.7
2025-12-12 18:17:14.100320,24276.8,24278.2
2025-12-12 18:17:15.005043,24276.6,24278.3
2025-12-12 18:17:15.387138,24277.3,24278.7
2025-12-12 18:17:15.587913,24276.6,24278.3
2025-12-12 18:17:16.799478,24277.3,24278.7
2025-12-12 18:17:17.325556,24276.6,24278.3
2025-12-12 18:17:17.957451,24276.3,24277.7
2025-12-12 18:17:18.348737,24275.6,24277.3
2025-12-12 18:17:18.796893,24276.3,24277.7
2025-12-12 18:17:19.048266,24276.6,24278.3
2025-12-12 18:17:21.090223,24277.3,24278.7
2025-12-12 18:17:27.013219,24276.6,24278.3
2025-12-12 18:17:29.035919,24276.3,24277.7
2025-12-12 18:17:29.734861,24277.3,24278.7
2025-12-12 18:17:31.100244,24276.6,24278.3
2025-12-12 18:17:31.899193,24276.3,24277.7
2025-12-12 18:17:32.361058,24276.6,24278.3
2025-12-12 18:17:34.666718,24277.3,24278.7
2025-12-12 18:17:35.597364,24276.6,24278.3
2025-12-12 18:17:36.294812,24276.3,24277.7
2025-12-12 18:17:37.763447,24276.6,24278.3
2025-12-12 18:17:41.593042,24277.6,24279.3
2025-12-12 18:17:41.780098,24277.3,24278.7
2025-12-12 18:17:44.735392,24277.6,24279.3
2025-12-12 18:17:47.592597,24276.6,24279.3
2025-12-12 18:17:51.115792,24275.8,24277.2
2025-12-12 18:17:59.445227,24275.6,24277.3
2025-12-12 18:18:01.247245,24276.8,24278.2
2025-12-12 18:18:03.208560,24275.8,24277.2
2025-12-12 18:18:04.149328,24275.3,24276.7
2025-12-12 18:18:04.316407,24274.8,24276.2
2025-12-12 18:18:05.155523,24277.6,24279.3
2025-12-12 18:18:05.833066,24277.3,24278.7
2025-12-12 18:18:06.607895,24276.6,24278.3
2025-12-12 18:18:08.178669,24275.3,24276.7
2025-12-12 18:18:08.723834,24274.8,24276.2
2025-12-12 18:18:09.131575,24275.3,24276.7
2025-12-12 18:18:09.561315,24275.6,24277.3
2025-12-12 18:18:11.011308,24275.3,24276.7
2025-12-12 18:18:11.227297,24275.8,24277.2
2025-12-12 18:18:12.376129,24275.3,24276.7
2025-12-12 18:18:13.161795,24274.3,24275.7
2025-12-12 18:18:13.361074,24274.6,24276.3
2025-12-12 18:18:14.758794,24275.3,24276.7
2025-12-12 18:18:15.217554,24275.6,24277.3
2025-12-12 18:18:17.710906,24275.3,24276.7
2025-12-12 18:18:18.469265,24274.6,24276.3
2025-12-12 18:18:18.858323,24275.3,24276.7
2025-12-12 18:18:19.915189,24275.6,24277.3
2025-12-12 18:18:27.505308,24276.3,24277.7
2025-12-12 18:18:28.728290,24276.6,24278.3
2025-12-12 18:18:36.297514,24277.3,24278.7
2025-12-12 18:18:37.705317,24277.6,24279.3
2025-12-12 18:18:38.508945,24276.6,24278.3
2025-12-12 18:18:40.403010,24277.6,24279.3
2025-12-12 18:18:41.513709,24278.6,24280.3
2025-12-12 18:18:42.054186,24278.3,24279.7
2025-12-12 18:18:43.196111,24277.6,24279.3
2025-12-12 18:18:44.403450,24278.3,24279.7
2025-12-12 18:18:46.133188,24278.6,24280.3
2025-12-12 18:18:46.702909,24278.3,24279.7
2025-12-12 18:18:47.062415,24278.6,24280.3
2025-12-12 18:18:47.590987,24278.3,24279.7
2025-12-12 18:18:47.914642,24278.6,24281.3
2025-12-12 18:18:48.951917,24279.3,24280.7
2025-12-12 18:18:50.593043,24279.6,24281.3
2025-12-12 18:18:51.496899,24279.3,24280.7
2025-12-12 18:18:52.556213,24279.6,24281.3
2025-12-12 18:18:52.804191,24279.3,24280.7
2025-12-12 18:18:54.555236,24279.6,24281.3
2025-12-12 18:18:55.186202,24279.3,24280.7
2025-12-12 18:18:55.696786,24279.6,24281.3
2025-12-12 18:18:58.488875,24279.3,24280.7
2025-12-12 18:18:59.620540,24278.6,24280.3
2025-12-12 18:19:00.506330,24278.3,24279.7
2025-12-12 18:19:00.760596,24278.6,24280.3
2025-12-12 18:19:01.459435,24278.3,24279.7
2025-12-12 18:19:04.033958,24278.6,24280.3
2025-12-12 18:19:04.947843,24278.6,24281.3
2025-12-12 18:19:05.520684,24279.6,24281.3
2025-12-12 18:19:06.710161,24279.6,24282.3
2025-12-12 18:19:10.372619,24280.6,24282.3
2025-12-12 18:19:10.855652,24280.3,24281.7
2025-12-12 18:19:12.075903,24279.8,24281.2
2025-12-12 18:19:17.063003,24279.6,24281.3
2025-12-12 18:19:19.150283,24279.3,24280.7
2025-12-12 18:19:19.351387,24278.6,24280.3
2025-12-12 18:19:20.281167,24278.3,24279.7
2025-12-12 18:19:21.071860,24278.6,24280.3
2025-12-12 18:19:22.016061,24278.3,24279.7
2025-12-12 18:19:23.832916,24278.6,24280.3
2025-12-12 18:19:24.424522,24278.3,24279.7
2025-12-12 18:19:25.045012,24277.6,24279.3
2025-12-12 18:19:27.556753,24278.6,24280.3
2025-12-12 18:19:27.770669,24278.3,24279.7
2025-12-12 18:19:29.103008,24277.6,24279.3
2025-12-12 18:19:29.649460,24277.3,24278.7
2025-12-12 18:19:30.841552,24277.6,24279.3
2025-12-12 18:19:33.588925,24277.3,24278.7
2025-12-12 18:19:34.641615,24276.3,24277.7
2025-12-12 18:19:35.326355,24276.6,24278.3
2025-12-12 18:19:36.178677,24275.6,24277.3
2025-12-12 18:19:37.549023,24276.3,24277.7
2025-12-12 18:19:38.572377,24275.6,24277.3
2025-12-12 18:19:39.072571,24276.3,24277.7
2025-12-12 18:19:48.961918,24275.3,24276.7
2025-12-12 18:19:50.917839,24275.6,24277.3
2025-12-12 18:19:52.993459,24275.3,24276.7
2025-12-12 18:19:59.940164,24275.6,24277.3
2025-12-12 18:20:00.169008,24274.8,24276.2
2025-12-12 18:20:01.072429,24274.3,24275.7
2025-12-12 18:20:01.270700,24273.6,24275.3
2025-12-12 18:20:01.824826,24274.3,24275.7
2025-12-12 18:20:02.568248,24273.3,24274.7
2025-12-12 18:20:04.038425,24272.3,24273.7
2025-12-12 18:20:06.521564,24271.8,24273.2
2025-12-12 18:20:06.765553,24270.6,24272.3
2025-12-12 18:20:07.801113,24271.3,24272.7
2025-12-12 18:20:09.994606,24270.3,24271.7
2025-12-12 18:20:10.878544,24269.6,24271.3
2025-12-12 18:20:12.912077,24269.3,24270.7
2025-12-12 18:20:13.390902,24269.6,24271.3
2025-12-12 18:20:13.670213,24268.6,24270.3
2025-12-12 18:20:16.023737,24267.6,24269.3
2025-12-12 18:20:18.215532,24268.6,24270.3
2025-12-12 18:20:18.669907,24269.3,24270.7
2025-12-12 18:20:18.947598,24268.6,24270.3
2025-12-12 18:20:20.205856,24268.3,24269.7
2025-12-12 18:20:21.246842,24267.8,24269.2
2025-12-12 18:20:21.305728,24268.3,24269.7
2025-12-12 18:20:21.955291,24267.3,24268.7
2025-12-12 18:20:22.534693,24266.6,24268.3
2025-12-12 18:20:28.102174,24266.3,24267.7
2025-12-12 18:20:28.545198,24267.8,24269.2
2025-12-12 18:20:28.744323,24269.3,24270.7
2025-12-12 18:20:28.973820,24269.6,24271.3
2025-12-12 18:20:29.314437,24270.6,24272.3
2025-12-12 18:20:32.992284,24271.3,24272.7
2025-12-12 18:20:33.670970,24272.6,24274.3
2025-12-12 18:20:35.452350,24271.6,24274.3
2025-12-12 18:20:36.721256,24271.3,24272.7
2025-12-12 18:20:37.108372,24270.6,24272.3
2025-12-12 18:20:37.602246,24270.3,24271.7
2025-12-12 18:20:37.831894,24269.3,24270.7
2025-12-12 18:20:40.513111,24268.6,24270.3
2025-12-12 18:20:41.679607,24269.3,24270.7
2025-12-12 18:20:46.561891,24268.6,24270.3
2025-12-12 18:20:47.708968,24269.3,24270.7
2025-12-12 18:20:48.907573,24268.3,24269.7
2025-12-12 18:20:51.072721,24268.6,24270.3
2025-12-12 18:20:51.894000,24268.3,24269.7
2025-12-12 18:20:52.125741,24266.3,24267.7
2025-12-12 18:20:52.604841,24267.3,24268.7
2025-12-12 18:20:53.226522,24266.6,24268.3
2025-12-12 18:20:54.482987,24266.3,24267.7
2025-12-12 18:20:54.758574,24266.6,24268.3
2025-12-12 18:20:55.670320,24267.3,24268.7
2025-12-12 18:20:59.371858,24267.8,24269.2
2025-12-12 18:21:01.010725,24267.3,24268.7
2025-12-12 18:21:03.084435,24266.6,24268.3
2025-12-12 18:21:03.425832,24267.3,24268.7
2025-12-12 18:21:04.179172,24267.6,24269.3
2025-12-12 18:21:04.677033,24267.3,24268.7
2025-12-12 18:21:05.880383,24266.3,24267.7
2025-12-12 18:21:07.998746,24266.6,24268.3
2025-12-12 18:21:09.228447,24267.3,24268.7
2025-12-12 18:21:09.978704,24266.6,24268.3
2025-12-12 18:21:11.291603,24266.3,24267.7
2025-12-12 18:21:11.710645,24265.6,24267.3
2025-12-12 18:21:20.089115,24266.3,24267.7
2025-12-12 18:21:20.372595,24265.6,24267.3
2025-12-12 18:21:23.031815,24264.6,24267.3
2025-12-12 18:21:23.541023,24264.6,24266.3
2025-12-12 18:21:24.298746,24264.3,24265.7
2025-12-12 18:21:24.493983,24263.6,24265.3
2025-12-12 18:21:26.805252,24264.3,24265.7
2025-12-12 18:21:27.513055,24264.6,24266.3
2025-12-12 18:21:28.335701,24265.3,24266.7
2025-12-12 18:21:30.325366,24264.6,24266.3
2025-12-12 18:21:31.147706,24264.3,24265.7
2025-12-12 18:21:31.259204,24263.3,24264.7
2025-12-12 18:21:33.581522,24262.6,24264.3
2025-12-12 18:21:35.353039,24263.3,24264.7
2025-12-12 18:21:38.235435,24263.6,24265.3
2025-12-12 18:21:38.512146,24263.3,24264.7
2025-12-12 18:21:40.638824,24262.3,24263.7
2025-12-12 18:21:41.922318,24262.6,24264.3
2025-12-12 18:21:43.108261,24263.6,24265.3
2025-12-12 18:21:44.449050,24263.6,24266.3
2025-12-12 18:21:44.745237,24264.6,24266.3
2025-12-12 18:21:45.107066,24265.6,24267.3
2025-12-12 18:21:46.140908,24265.3,24266.7
2025-12-12 18:21:46.994199,24264.6,24266.3
2025-12-12 18:21:52.515332,24264.3,24265.7
2025-12-12 18:21:56.948519,24263.3,24264.7
2025-12-12 18:21:57.398747,24262.8,24264.2
2025-12-12 18:21:59.364027,24262.3,24263.7
2025-12-12 18:22:01.617274,24262.6,24264.3
2025-12-12 18:22:01.834101,24263.3,24264.7
2025-12-12 18:22:03.078842,24262.6,24264.3
2025-12-12 18:22:04.336573,24263.3,24264.7
2025-12-12 18:22:04.830188,24263.6,24265.3
2025-12-12 18:22:05.812156,24262.6,24264.3
2025-12-12 18:22:06.401922,24263.3,24264.7
2025-12-12 18:22:06.822868,24263.6,24265.3
2025-12-12 18:22:07.225004,24263.3,24264.7
2025-12-12 18:22:07.829078,24263.6,24265.3
2025-12-12 18:22:08.106056,24263.3,24264.7
2025-12-12 18:22:08.510936,24262.6,24264.3
2025-12-12 18:22:10.103402,24263.3,24264.7
2025-12-12 18:22:10.601649,24263.6,24265.3
2025-12-12 18:22:10.801313,24263.3,24264.7
2025-12-12 18:22:11.744758,24263.6,24265.3
2025-12-12 18:22:14.408680,24263.3,24264.7
2025-12-12 18:22:14.752869,24263.6,24265.3
2025-12-12 18:22:15.635759,24263.3,24264.7
2025-12-12 18:22:16.932711,24262.6,24264.3
2025-12-12 18:22:17.987553,24262.3,24263.7
2025-12-12 18:22:19.879562,24261.8,24263.2
2025-12-12 18:22:20.869207,24261.6,24263.3
2025-12-12 18:22:21.461151,24261.3,24262.7
2025-12-12 18:22:22.953961,24261.6,24263.3
2025-12-12 18:22:24.995332,24261.3,24262.7
2025-12-12 18:22:25.570161,24261.6,24263.3
2025-12-12 18:22:26.699992,24260.6,24262.3
2025-12-12 18:22:27.305267,24261.6,24263.3
2025-12-12 18:22:31.950971,24262.3,24263.7
2025-12-12 18:22:39.644262,24262.8,24264.2
2025-12-12 18:22:40.337361,24263.3,24264.7
2025-12-12 18:22:41.519896,24262.6,24264.3
2025-12-12 18:22:42.040586,24262.3,24263.7
2025-12-12 18:22:43.637146,24262.6,24264.3
2025-12-12 18:22:45.367476,24262.8,24264.2
2025-12-12 18:22:45.813641,24262.3,24263.7
2025-12-12 18:22:47.160404,24261.6,24263.3
2025-12-12 18:22:47.435454,24260.6,24262.3
2025-12-12 18:22:47.882313,24260.3,24261.7
2025-12-12 18:22:49.481881,24260.6,24262.3
2025-12-12 18:22:55.806706,24260.3,24261.7
2025-12-12 18:22:58.264850,24259.6,24261.3
2025-12-12 18:22:58.835110,24260.3,24261.7
2025-12-12 18:22:59.626939,24259.6,24261.3
2025-12-12 18:23:00.225321,24260.3,24261.7
2025-12-12 18:23:00.909169,24259.3,24260.7
2025-12-12 18:23:01.710782,24258.6,24260.3
2025-12-12 18:23:02.151008,24259.3,24260.7
2025-12-12 18:23:02.641942,24258.6,24260.3
2025-12-12 18:23:04.244186,24259.3,24260.7
2025-12-12 18:23:04.653320,24259.6,24261.3
2025-12-12 18:23:04.903969,24259.3,24260.7
2025-12-12 18:23:04.995452,24259.6,24261.3
2025-12-12 18:23:05.261026,24258.6,24260.3
2025-12-12 18:23:06.563119,24258.3,24259.7
2025-12-12 18:23:07.074011,24257.8,24259.2
2025-12-12 18:23:08.634355,24258.6,24260.3
2025-12-12 18:23:11.979961,24258.3,24259.7
2025-12-12 18:23:15.686078,24258.6,24260.3
2025-12-12 18:23:16.276087,24259.3,24260.7
2025-12-12 18:23:16.824034,24260.3,24261.7
2025-12-12 18:23:17.439659,24260.6,24262.3
2025-12-12 18:23:18.396033,24260.3,24261.7
2025-12-12 18:23:20.077786,24259.3,24260.7
2025-12-12 18:23:20.682075,24259.6,24261.3
2025-12-12 18:23:21.252165,24260.3,24261.7
2025-12-12 18:23:21.964749,24259.6,24261.3
2025-12-12 18:23:24.175791,24260.3,24261.7
2025-12-12 18:23:25.309428,24260.6,24262.3
2025-12-12 18:23:27.350302,24262.3,24263.7
2025-12-12 18:23:27.903054,24262.6,24264.3
2025-12-12 18:23:29.674928,24262.3,24263.7
2025-12-12 18:23:30.782769,24261.6,24263.3
2025-12-12 18:23:33.757271,24261.3,24262.7
2025-12-12 18:23:45.589871,24261.6,24263.3
2025-12-12 18:23:46.046654,24263.3,24264.7
2025-12-12 18:23:46.492222,24262.6,24264.3
2025-12-12 18:23:47.676877,24263.3,24264.7
2025-12-12 18:23:48.284090,24262.6,24264.3
2025-12-12 18:23:52.653974,24263.6,24265.3
2025-12-12 18:23:53.755030,24264.3,24265.7
2025-12-12 18:23:55.120383,24263.6,24265.3
2025-12-12 18:23:55.559473,24263.3,24264.7
2025-12-12 18:23:56.044909,24263.6,24265.3
2025-12-12 18:23:56.642531,24263.3,24264.7
2025-12-12 18:23:58.771653,24263.6,24265.3
2025-12-12 18:24:00.279770,24264.3,24265.7
2025-12-12 18:24:02.765719,24264.6,24266.3
2025-12-12 18:24:03.598198,24263.6,24265.3
2025-12-12 18:24:04.486067,24263.3,24264.7
2025-12-12 18:24:07.499659,24262.6,24264.3
2025-12-12 18:24:10.078021,24262.3,24263.7
2025-12-12 18:24:11.642157,24261.6,24263.3
2025-12-12 18:24:20.903575,24260.3,24261.7
2025-12-12 18:24:21.894611,24260.6,24262.3
2025-12-12 18:24:22.515300,24260.3,24261.7
2025-12-12 18:24:23.459340,24260.6,24262.3
2025-12-12 18:24:26.037858,24259.6,24261.3
2025-12-12 18:24:30.107498,24260.3,24261.7
2025-12-12 18:24:31.086266,24259.6,24261.3
2025-12-12 18:24:32.099224,24260.6,24262.3
2025-12-12 18:24:33.111424,24261.3,24262.7
2025-12-12 18:24:36.816123,24261.6,24264.3
2025-12-12 18:24:37.726477,24262.6,24264.3
2025-12-12 18:24:42.981674,24262.3,24263.7
2025-12-12 18:24:49.575151,24262.6,24264.3
2025-12-12 18:24:52.780916,24262.3,24263.7
2025-12-12 18:24:54.480618,24262.6,24264.3
2025-12-12 18:24:55.559887,24262.3,24263.7
2025-12-12 18:24:56.675612,24262.6,24264.3
2025-12-12 18:24:58.124989,24263.3,24264.7
2025-12-12 18:24:58.913761,24263.6,24265.3
2025-12-12 18:24:59.167489,24264.3,24265.7
2025-12-12 18:25:00.515872,24264.6,24266.3
2025-12-12 18:25:02.543031,24264.3,24265.7
2025-12-12 18:25:03.420156,24264.6,24266.3
2025-12-12 18:25:04.362913,24265.3,24266.7
2025-12-12 18:25:04.789041,24266.3,24267.7
2025-12-12 18:25:05.252956,24266.6,24268.3
2025-12-12 18:25:05.750353,24267.3,24268.7
2025-12-12 18:25:07.176118,24266.3,24267.7
2025-12-12 18:25:07.851992,24266.6,24268.3
2025-12-12 18:25:09.233549,24266.3,24267.7
2025-12-12 18:25:09.514957,24266.6,24268.3
2025-12-12 18:25:10.567781,24266.3,24267.7
2025-12-12 18:25:11.026057,24266.6,24268.3
2025-12-12 18:25:11.260766,24266.3,24267.7
2025-12-12 18:25:12.792585,24266.6,24268.3
2025-12-12 18:25:13.071496,24266.3,24267.7
2025-12-12 18:25:15.446898,24265.6,24267.3
2025-12-12 18:25:18.442367,24266.6,24268.3
2025-12-12 18:25:19.412159,24266.3,24267.7
2025-12-12 18:25:19.655485,24266.6,24268.3
2025-12-12 18:25:20.460960,24266.6,24269.3
2025-12-12 18:25:20.981609,24266.6,24268.3
2025-12-12 18:25:25.938342,24266.6,24269.3
2025-12-12 18:25:26.279356,24266.6,24268.3
2025-12-12 18:25:26.811352,24266.3,24267.7
2025-12-12 18:25:29.994754,24265.6,24268.3
2025-12-12 18:25:30.177443,24266.6,24268.3
2025-12-12 18:25:32.266940,24267.3,24268.7
2025-12-12 18:25:34.198185,24266.6,24268.3
2025-12-12 18:25:35.268529,24266.3,24267.7
2025-12-12 18:25:43.048375,24267.3,24268.7
2025-12-12 18:25:44.232657,24268.3,24269.7
2025-12-12 18:25:44.763225,24268.6,24270.3
2025-12-12 18:25:45.644726,24268.3,24269.7
2025-12-12 18:25:47.103473,24268.6,24270.3
2025-12-12 18:25:48.630711,24268.3,24269.7
2025-12-12 18:25:50.708364,24268.6,24270.3
2025-12-12 18:25:53.138888,24268.3,24269.7
2025-12-12 18:25:53.666465,24268.6,24270.3
2025-12-12 18:25:54.272058,24268.3,24269.7
2025-12-12 18:25:54.505671,24268.6,24270.3
2025-12-12 18:25:58.310449,24268.3,24269.7
2025-12-12 18:26:00.436143,24268.6,24270.3
2025-12-12 18:26:00.706656,24268.3,24269.7
2025-12-12 18:26:01.150287,24268.6,24270.3
2025-12-12 18:26:02.604799,24269.3,24270.7
2025-12-12 18:26:02.693080,24270.6,24272.3
2025-12-12 18:26:04.530276,24269.6,24271.3
2025-12-12 18:26:04.747319,24270.3,24271.7
2025-12-12 18:26:10.975583,24269.8,24271.2
2025-12-12 18:26:11.560450,24270.3,24271.7
2025-12-12 18:26:14.362612,24269.8,24271.2
2025-12-12 18:26:14.579609,24269.3,24270.7
2025-12-12 18:26:19.791075,24269.6,24271.3
2025-12-12 18:26:21.928030,24270.6,24272.3
2025-12-12 18:26:22.343625,24271.3,24272.7
2025-12-12 18:26:24.928321,24271.6,24273.3
2025-12-12 18:26:25.862407,24272.3,24273.7
2025-12-12 18:26:26.683498,24271.6,24273.3
2025-12-12 18:26:27.357384,24271.3,24272.7
2025-12-12 18:26:28.655502,24270.3,24271.7
2025-12-12 18:26:29.356573,24270.6,24272.3
2025-12-12 18:26:30.067399,24270.3,24271.7
2025-12-12 18:26:30.290533,24269.6,24271.3
2025-12-12 18:26:30.503062,24270.3,24271.7
2025-12-12 18:26:32.498226,24270.6,24272.3
2025-12-12 18:26:32.679031,24271.3,24272.7
2025-12-12 18:26:33.575385,24270.6,24272.3
2025-12-12 18:26:36.032181,24271.3,24272.7
2025-12-12 18:26:37.144680,24270.6,24272.3
2025-12-12 18:26:44.707849,24270.6,24273.3
2025-12-12 18:26:46.919171,24271.3,24272.7
2025-12-12 18:26:47.671689,24269.8,24271.2
2025-12-12 18:26:48.079113,24269.6,24271.3
2025-12-12 18:26:49.009400,24270.3,24271.7
2025-12-12 18:26:50.507070,24269.3,24270.7
2025-12-12 18:26:51.064759,24269.6,24271.3
2025-12-12 18:26:53.486126,24269.3,24270.7
2025-12-12 18:26:53.628911,24269.6,24271.3
2025-12-12 18:26:55.858671,24267.6,24270.3
2025-12-12 18:26:56.559900,24268.3,24269.7
2025-12-12 18:26:58.375260,24267.6,24269.3
2025-12-12 18:26:58.979276,24267.3,24268.7
2025-12-12 18:26:59.801969,24267.6,24269.3
2025-12-12 18:27:02.426741,24267.3,24268.7
2025-12-12 18:27:02.677180,24266.6,24268.3
2025-12-12 18:27:03.557594,24265.6,24268.3
2025-12-12 18:27:14.666212,24266.6,24268.3
2025-12-12 18:27:17.147138,24267.3,24268.7
2025-12-12 18:27:17.595592,24266.6,24268.3
2025-12-12 18:27:17.796576,24267.6,24270.3
2025-12-12 18:27:18.929220,24267.6,24269.3
2025-12-12 18:27:21.809757,24267.3,24268.7
2025-12-12 18:27:24.743620,24266.6,24268.3
2025-12-12 18:27:25.440253,24267.3,24268.7
2025-12-12 18:27:29.231659,24266.6,24268.3
2025-12-12 18:27:29.770882,24267.3,24268.7
2025-12-12 18:27:33.788332,24267.6,24269.3
2025-12-12 18:27:35.557406,24268.6,24270.3
2025-12-12 18:27:36.105323,24269.6,24271.3
2025-12-12 18:27:36.925377,24270.3,24271.7
2025-12-12 18:27:37.866894,24270.8,24272.2
2025-12-12 18:27:39.705297,24269.6,24271.3
2025-12-12 18:27:41.670314,24269.3,24270.7
2025-12-12 18:27:41.886740,24269.6,24271.3
2025-12-12 18:27:46.183698,24269.3,24270.7
2025-12-12 18:27:49.526460,24268.6,24270.3
2025-12-12 18:27:56.129693,24268.3,24269.7
2025-12-12 18:27:56.660111,24267.6,24269.3
2025-12-12 18:28:00.897878,24268.3,24269.7
2025-12-12 18:28:04.981143,24268.6,24270.3
2025-12-12 18:28:05.693638,24269.3,24270.7
2025-12-12 18:28:08.690340,24268.8,24270.2
2025-12-12 18:28:10.172617,24268.3,24269.7
2025-12-12 18:28:17.919491,24269.3,24270.7
2025-12-12 18:28:18.381271,24268.6,24270.3
2025-12-12 18:28:18.691529,24268.3,24269.7
2025-12-12 18:28:27.965210,24268.8,24270.2
2025-12-12 18:28:28.820161,24268.3,24269.7
2025-12-12 18:28:35.712086,24268.8,24270.2
2025-12-12 18:28:36.579949,24269.6,24271.3
2025-12-12 18:28:38.653281,24269.3,24270.7
2025-12-12 18:28:39.638657,24270.6,24272.3
2025-12-12 18:28:41.559999,24270.3,24271.7
2025-12-12 18:28:42.173554,24269.8,24271.2
2025-12-12 18:28:44.836829,24269.3,24270.7
2025-12-12 18:28:45.654476,24268.6,24270.3
2025-12-12 18:28:48.531861,24268.3,24269.7
2025-12-12 18:28:48.766027,24268.6,24270.3
2025-12-12 18:28:49.778602,24268.3,24269.7
2025-12-12 18:28:50.866116,24268.6,24270.3
2025-12-12 18:28:51.511360,24268.3,24269.7
2025-12-12 18:28:52.136834,24268.6,24270.3
2025-12-12 18:28:57.420901,24269.6,24271.3
2025-12-12 18:28:59.941831,24270.3,24271.7
2025-12-12 18:29:00.790913,24269.6,24271.3
2025-12-12 18:29:01.398915,24269.3,24270.7
2025-12-12 18:29:01.771768,24269.6,24271.3
2025-12-12 18:29:02.733809,24269.3,24270.7
2025-12-12 18:29:06.582596,24268.6,24270.3
2025-12-12 18:29:07.976483,24269.3,24270.7
2025-12-12 18:29:08.438264,24268.6,24270.3
2025-12-12 18:29:10.061465,24269.3,24270.7
2025-12-12 18:29:10.960343,24269.6,24271.3
2025-12-12 18:29:11.039539,24270.3,24271.7
2025-12-12 18:29:11.993792,24269.6,24271.3
2025-12-12 18:29:12.365324,24269.3,24270.7
2025-12-12 18:29:14.832363,24269.6,24271.3
2025-12-12 18:29:16.492356,24270.3,24271.7
2025-12-12 18:29:18.779564,24269.6,24271.3
2025-12-12 18:29:21.587115,24269.3,24270.7
2025-12-12 18:29:22.071115,24269.6,24271.3
2025-12-12 18:29:23.201599,24270.3,24271.7
2025-12-12 18:29:23.435665,24270.6,24272.3
2025-12-12 18:29:24.038717,24270.3,24271.7
2025-12-12 18:29:24.288312,24270.6,24272.3
2025-12-12 18:29:26.021082,24270.3,24271.7
2025-12-12 18:29:26.365029,24269.6,24271.3
2025-12-12 18:29:32.370824,24270.3,24271.7
2025-12-12 18:29:32.636774,24269.6,24271.3
2025-12-12 18:29:32.993315,24270.3,24271.7
2025-12-12 18:29:33.817323,24269.6,24271.3
2025-12-12 18:29:34.972282,24270.3,24271.7
2025-12-12 18:29:35.815252,24269.6,24271.3
2025-12-12 18:29:38.038166,24270.3,24271.7
2025-12-12 18:29:38.853672,24269.6,24271.3
2025-12-12 18:29:39.639785,24269.3,24270.7
2025-12-12 18:29:42.236293,24269.6,24271.3
2025-12-12 18:29:44.553944,24269.3,24270.7
2025-12-12 18:29:45.651124,24269.6,24271.3
2025-12-12 18:29:49.270102,24269.3,24270.7
2025-12-12 18:29:53.387593,24270.3,24271.7
2025-12-12 18:29:54.627882,24270.6,24272.3
2025-12-12 18:29:55.185931,24270.3,24271.7
2025-12-12 18:29:56.349774,24270.6,24272.3
2025-12-12 18:29:58.920529,24271.3,24272.7
2025-12-12 18:29:59.551603,24271.6,24273.3
2025-12-12 18:30:00.266327,24271.3,24272.7
2025-12-12 18:30:00.448416,24269.6,24271.3
2025-12-12 18:30:00.938887,24268.6,24270.3
2025-12-12 18:30:01.435631,24269.6,24271.3
2025-12-12 18:30:01.638203,24270.3,24271.7
2025-12-12 18:30:02.349365,24270.6,24272.3
2025-12-12 18:30:02.563267,24270.3,24271.7
2025-12-12 18:30:04.409426,24270.6,24272.3
2025-12-12 18:30:04.700545,24271.6,24273.3
2025-12-12 18:30:05.724404,24271.3,24272.7
2025-12-12 18:30:09.333551,24270.6,24272.3
2025-12-12 18:30:09.616521,24269.6,24272.3
2025-12-12 18:30:10.113090,24270.3,24271.7
2025-12-12 18:30:11.239574,24269.6,24271.3
2025-12-12 18:30:13.999239,24269.3,24270.7
2025-12-12 18:30:14.203991,24268.8,24270.2
2025-12-12 18:30:15.332993,24268.6,24270.3
2025-12-12 18:30:17.284501,24269.3,24270.7
2025-12-12 18:30:18.348327,24268.6,24270.3
2025-12-12 18:30:18.562573,24269.3,24270.7
2025-12-12 18:30:20.564364,24269.6,24271.3
2025-12-12 18:30:20.981814,24270.3,24271.7
2025-12-12 18:30:22.316814,24269.6,24271.3
2025-12-12 18:30:23.796705,24270.3,24271.7
2025-12-12 18:30:26.216960,24269.6,24271.3
2025-12-12 18:30:27.000802,24270.3,24271.7
2025-12-12 18:30:27.250655,24269.6,24271.3
2025-12-12 18:30:27.404017,24270.3,24271.7
2025-12-12 18:30:29.240923,24269.6,24271.3
2025-12-12 18:30:30.008220,24269.3,24270.7
2025-12-12 18:30:34.537971,24268.8,24270.2
2025-12-12 18:30:35.008663,24269.3,24270.7
2025-12-12 18:30:35.308442,24268.6,24270.3
2025-12-12 18:30:37.516811,24269.3,24270.7
2025-12-12 18:30:41.350214,24269.8,24271.2
2025-12-12 18:30:41.609005,24270.3,24271.7
2025-12-12 18:30:43.167491,24270.6,24272.3
2025-12-12 18:30:44.183834,24270.3,24271.7
2025-12-12 18:30:44.794230,24269.6,24271.3
2025-12-12 18:30:50.709762,24270.3,24271.7
2025-12-12 18:30:51.696849,24269.6,24271.3
2025-12-12 18:30:53.132948,24270.3,24271.7
2025-12-12 18:30:53.623721,24269.6,24271.3
2025-12-12 18:30:55.759790,24269.3,24270.7
2025-12-12 18:30:57.670925,24268.6,24270.3
2025-12-12 18:30:58.216979,24268.3,24269.7
2025-12-12 18:30:58.755751,24267.6,24269.3
2025-12-12 18:30:59.269869,24268.3,24269.7
2025-12-12 18:30:59.853594,24267.6,24269.3
2025-12-12 18:31:00.769352,24268.3,24269.7
2025-12-12 18:31:01.055772,24268.8,24270.2
2025-12-12 18:31:01.259518,24268.3,24269.7
2025-12-12 18:31:01.732169,24267.6,24269.3
2025-12-12 18:31:04.830060,24267.3,24268.7
2025-12-12 18:31:08.641104,24266.8,24268.2
2025-12-12 18:31:09.501706,24265.6,24267.3
2025-12-12 18:31:10.140956,24265.3,24266.7
2025-12-12 18:31:11.893259,24264.6,24266.3
2025-12-12 18:31:12.389789,24263.6,24265.3
2025-12-12 18:31:12.667252,24264.3,24265.7
2025-12-12 18:31:13.409992,24264.6,24266.3
2025-12-12 18:31:14.557826,24265.3,24266.7
2025-12-12 18:31:15.113494,24264.6,24266.3
2025-12-12 18:31:16.680630,24265.3,24266.7
2025-12-12 18:31:17.120346,24265.6,24267.3
2025-12-12 18:31:21.204453,24266.3,24267.7
2025-12-12 18:31:30.511015,24266.6,24268.3
2025-12-12 18:31:30.984977,24266.3,24267.7
2025-12-12 18:31:31.222025,24265.6,24267.3
2025-12-12 18:31:31.864884,24266.3,24267.7
2025-12-12 18:31:34.381156,24264.6,24267.3
2025-12-12 18:31:34.796052,24265.6,24267.3
2025-12-12 18:31:35.603733,24264.6,24267.3
2025-12-12 18:31:35.821823,24265.6,24267.3
2025-12-12 18:31:36.238559,24264.6,24267.3
2025-12-12 18:31:38.099261,24265.6,24267.3
2025-12-12 18:31:40.815917,24264.6,24267.3
2025-12-12 18:31:41.756568,24265.6,24267.3
2025-12-12 18:31:49.137904,24266.3,24267.7
2025-12-12 18:31:49.485151,24265.6,24267.3
2025-12-12 18:31:55.879320,24266.3,24267.7
2025-12-12 18:32:02.655743,24265.6,24267.3
2025-12-12 18:32:04.464641,24264.6,24267.3
2025-12-12 18:32:06.351471,24265.6,24267.3
2025-12-12 18:32:07.393826,24264.6,24267.3
2025-12-12 18:32:09.564289,24264.6,24266.3
2025-12-12 18:32:11.711779,24264.3,24265.7
2025-12-12 18:32:13.157950,24263.6,24265.3
2025-12-12 18:32:13.625368,24264.3,24265.7
2025-12-12 18:32:15.956781,24264.6,24266.3
2025-12-12 18:32:16.395024,24264.3,24265.7
2025-12-12 18:32:18.638772,24263.6,24265.3
2025-12-12 18:32:19.072262,24264.3,24265.7
2025-12-12 18:32:19.931259,24265.3,24266.7
2025-12-12 18:32:20.979710,24266.3,24267.7
2025-12-12 18:32:21.303650,24265.6,24267.3
2025-12-12 18:32:23.646459,24265.3,24266.7
2025-12-12 18:32:27.927860,24265.6,24267.3
2025-12-12 18:32:29.627854,24265.3,24266.7
2025-12-12 18:32:30.418321,24264.6,24266.3
2025-12-12 18:32:36.054705,24265.3,24266.7
2025-12-12 18:32:38.789548,24265.6,24267.3
2025-12-12 18:32:39.041288,24265.3,24266.7
2025-12-12 18:32:43.887989,24265.6,24267.3
2025-12-12 18:32:49.274743,24265.3,24266.7
2025-12-12 18:32:52.311964,24263.6,24266.3
2025-12-12 18:32:54.552266,24264.6,24266.3
2025-12-12 18:32:55.278314,24263.6,24266.3
2025-12-12 18:32:55.546250,24263.6,24265.3
2025-12-12 18:32:57.478896,24263.3,24264.7
2025-12-12 18:33:00.605698,24262.3,24263.7
2025-12-12 18:33:05.178836,24262.6,24264.3
2025-12-12 18:33:05.455105,24263.8,24265.2
2025-12-12 18:33:06.336763,24262.6,24264.3
2025-12-12 18:33:07.110338,24263.6,24265.3
2025-12-12 18:33:11.449073,24263.3,24264.7
2025-12-12 18:33:12.057827,24263.6,24265.3
2025-12-12 18:33:13.529085,24263.3,24264.7
2025-12-12 18:33:14.014419,24263.6,24265.3
2025-12-12 18:33:15.912802,24263.3,24264.7
2025-12-12 18:33:20.996566,24263.6,24266.3
2025-12-12 18:33:21.408391,24265.3,24266.7
2025-12-12 18:33:24.484108,24265.6,24267.3
2025-12-12 18:33:24.737683,24265.3,24266.7
2025-12-12 18:33:25.810722,24264.6,24266.3
2025-12-12 18:33:26.044566,24265.3,24266.7
2025-12-12 18:33:26.584273,24264.6,24266.3
2025-12-12 18:33:30.989317,24265.3,24266.7
2025-12-12 18:33:34.311067,24263.6,24266.3
2025-12-12 18:33:37.658290,24265.3,24266.7
2025-12-12 18:33:39.057836,24265.6,24267.3
2025-12-12 18:33:39.514781,24266.3,24267.7
2025-12-12 18:33:39.699128,24265.6,24267.3
2025-12-12 18:33:39.950058,24266.3,24267.7
2025-12-12 18:33:40.491182,24265.6,24267.3
2025-12-12 18:33:43.122845,24264.6,24267.3
2025-12-12 18:33:44.206017,24265.6,24267.3
2025-12-12 18:33:51.464074,24264.6,24267.3
2025-12-12 18:33:54.141022,24264.6,24266.3
2025-12-12 18:33:57.796252,24264.3,24265.7
2025-12-12 18:33:58.964449,24264.6,24266.3
2025-12-12 18:34:02.181626,24265.3,24266.7
2025-12-12 18:34:04.334959,24266.3,24267.7
2025-12-12 18:34:05.473779,24266.6,24268.3
2025-12-12 18:34:07.221386,24265.6,24267.3
2025-12-12 18:34:08.027353,24266.3,24267.7
2025-12-12 18:34:08.673288,24266.6,24268.3
2025-12-12 18:34:10.675990,24267.3,24268.7
2025-12-12 18:34:13.366764,24267.6,24269.3
2025-12-12 18:34:14.095750,24267.3,24268.7
2025-12-12 18:34:16.141415,24266.6,24268.3
2025-12-12 18:34:19.761399,24267.3,24268.7
2025-12-12 18:34:21.235263,24266.6,24268.3
2025-12-12 18:34:22.265017,24267.3,24268.7
2025-12-12 18:34:22.909677,24266.6,24268.3
2025-12-12 18:34:29.938228,24265.6,24268.3
2025-12-12 18:34:31.376590,24266.6,24268.3
2025-12-12 18:34:36.660442,24265.6,24268.3
2025-12-12 18:34:39.678026,24266.6,24268.3
2025-12-12 18:34:45.140464,24267.3,24268.7
2025-12-12 18:34:45.571671,24266.6,24268.3
2025-12-12 18:34:53.701779,24267.3,24268.7
2025-12-12 18:34:53.995370,24266.6,24268.3
2025-12-12 18:35:00.939212,24267.3,24268.7
2025-12-12 18:35:01.403222,24266.6,24268.3
2025-12-12 18:35:01.652158,24267.3,24268.7
2025-12-12 18:35:02.575747,24267.6,24269.3
2025-12-12 18:35:03.538414,24266.6,24268.3
2025-12-12 18:35:05.909574,24267.3,24268.7
2025-12-12 18:35:06.748518,24266.6,24268.3
2025-12-12 18:35:17.725631,24265.6,24268.3
2025-12-12 18:35:17.958351,24266.6,24268.3
2025-12-12 18:35:20.436927,24265.6,24268.3
2025-12-12 18:35:21.075116,24266.6,24268.3
2025-12-12 18:35:27.221886,24267.3,24268.7
2025-12-12 18:35:28.254870,24268.3,24269.7
2025-12-12 18:35:29.521600,24269.3,24270.7
2025-12-12 18:35:32.765437,24268.6,24270.3
2025-12-12 18:35:33.826837,24269.3,24270.7
2025-12-12 18:35:34.086278,24269.6,24271.3
2025-12-12 18:35:35.098189,24270.8,24272.2
2025-12-12 18:35:36.596878,24269.3,24270.7
2025-12-12 18:35:39.176181,24268.3,24269.7
2025-12-12 18:35:41.084278,24268.6,24270.3
2025-12-12 18:35:44.823129,24268.3,24269.7
2025-12-12 18:35:47.919631,24267.6,24269.3
2025-12-12 18:35:48.418250,24266.6,24268.3
2025-12-12 18:35:50.601566,24265.6,24268.3
2025-12-12 18:35:51.769928,24266.6,24268.3
2025-12-12 18:36:00.670982,24267.3,24268.7
2025-12-12 18:36:02.144562,24266.6,24268.3
2025-12-12 18:36:07.012912,24266.3,24267.7
2025-12-12 18:36:08.849121,24266.6,24268.3
2025-12-12 18:36:10.337902,24266.3,24267.7
2025-12-12 18:36:12.169311,24266.6,24268.3
2025-12-12 18:36:12.381574,24267.3,24268.7
2025-12-12 18:36:13.510368,24266.3,24267.7
2025-12-12 18:36:13.852180,24266.6,24268.3
2025-12-12 18:36:14.545914,24266.3,24267.7
2025-12-12 18:36:15.228576,24265.6,24267.3
2025-12-12 18:36:15.882982,24266.6,24268.3
2025-12-12 18:36:19.942670,24266.3,24267.7
2025-12-12 18:36:21.376914,24266.6,24268.3
2025-12-12 18:36:23.916772,24266.3,24267.7
2025-12-12 18:36:24.602270,24265.6,24267.3
2025-12-12 18:36:26.381736,24265.3,24266.7
2025-12-12 18:36:26.522661,24264.6,24266.3
2025-12-12 18:36:30.382787,24265.6,24268.3
2025-12-12 18:36:31.175561,24264.6,24267.3
2025-12-12 18:36:31.641560,24264.3,24265.7
2025-12-12 18:36:39.070365,24264.8,24266.2
2025-12-12 18:36:39.894235,24264.6,24267.3
2025-12-12 18:36:49.403500,24264.6,24266.3
2025-12-12 18:36:51.134134,24264.3,24265.7
2025-12-12 18:36:51.378684,24262.8,24264.2
2025-12-12 18:36:52.983041,24261.6,24263.3
2025-12-12 18:36:53.857162,24262.3,24263.7
2025-12-12 18:37:03.918079,24261.6,24263.3
2025-12-12 18:37:04.180916,24260.8,24262.2
2025-12-12 18:37:07.791681,24260.6,24262.3
2025-12-12 18:37:08.678085,24261.6,24263.3
2025-12-12 18:37:09.126214,24261.3,24262.7
2025-12-12 18:37:09.604676,24261.6,24263.3
2025-12-12 18:37:10.099297,24261.3,24262.7
2025-12-12 18:37:12.173015,24261.6,24263.3
2025-12-12 18:37:12.544475,24261.3,24262.7
2025-12-12 18:37:14.061860,24261.6,24263.3
2025-12-12 18:37:14.265214,24261.3,24262.7
2025-12-12 18:37:14.873270,24260.6,24262.3
2025-12-12 18:37:14.896705,24261.3,24262.7
2025-12-12 18:37:16.531120,24260.6,24262.3
2025-12-12 18:37:19.935968,24259.6,24262.3
2025-12-12 18:37:22.906222,24258.6,24262.3
2025-12-12 18:37:26.610045,24259.6,24262.3
2025-12-12 18:37:30.664268,24260.6,24262.3
2025-12-12 18:37:32.860301,24259.6,24262.3
2025-12-12 18:37:33.761826,24260.6,24262.3
2025-12-12 18:37:34.919462,24259.6,24262.3
2025-12-12 18:37:36.426216,24260.6,24262.3
2025-12-12 18:37:36.934363,24261.3,24262.7
2025-12-12 18:37:37.382218,24260.6,24262.3
2025-12-12 18:37:37.896187,24261.3,24262.7
2025-12-12 18:37:38.469588,24261.6,24263.3
2025-12-12 18:37:38.715947,24261.6,24264.3
2025-12-12 18:37:40.799100,24262.6,24264.3
2025-12-12 18:37:41.973715,24264.3,24265.7
2025-12-12 18:37:42.360714,24263.6,24265.3
2025-12-12 18:37:44.437746,24264.3,24265.7
2025-12-12 18:37:46.908059,24263.6,24265.3
2025-12-12 18:37:48.965406,24264.3,24265.7
2025-12-12 18:37:51.477548,24263.6,24265.3
2025-12-12 18:37:54.651332,24263.3,24264.7
2025-12-12 18:37:59.483739,24263.8,24265.2
2025-12-12 18:37:59.740099,24264.6,24266.3
2025-12-12 18:38:01.144763,24264.3,24265.7
2025-12-12 18:38:01.575547,24264.8,24266.2
2025-12-12 18:38:06.323637,24265.3,24266.7
2025-12-12 18:38:15.748417,24265.8,24267.2
2025-12-12 18:38:16.167666,24265.6,24267.3
2025-12-12 18:38:16.846588,24266.3,24267.7
2025-12-12 18:38:18.980938,24265.6,24267.3
2025-12-12 18:38:20.031594,24264.6,24267.3
2025-12-12 18:38:22.793829,24265.6,24267.3
2025-12-12 18:38:25.276344,24264.6,24267.3
2025-12-12 18:38:25.586182,24264.6,24266.3
2025-12-12 18:38:29.734903,24263.6,24265.3
2025-12-12 18:38:33.339638,24262.6,24265.3
2025-12-12 18:38:33.582677,24262.3,24263.7
2025-12-12 18:38:35.083706,24263.6,24266.3
2025-12-12 18:38:39.623726,24264.8,24266.2
2025-12-12 18:38:41.963093,24264.6,24266.3
2025-12-12 18:38:44.242182,24265.6,24267.3
2025-12-12 18:38:45.257100,24267.3,24268.7
2025-12-12 18:38:45.456550,24266.6,24268.3
2025-12-12 18:38:47.965093,24267.3,24268.7
2025-12-12 18:38:49.049357,24268.3,24269.7
2025-12-12 18:38:50.122042,24268.6,24270.3
2025-12-12 18:39:00.089634,24269.3,24270.7
2025-12-12 18:39:00.257239,24268.6,24270.3
2025-12-12 18:39:01.373112,24269.3,24270.7
2025-12-12 18:39:01.788279,24268.6,24270.3
2025-12-12 18:39:02.749865,24268.3,24269.7
2025-12-12 18:39:03.396601,24267.6,24269.3
2025-12-12 18:39:05.814309,24268.3,24269.7
2025-12-12 18:39:07.380499,24267.6,24269.3
2025-12-12 18:39:07.879427,24268.3,24269.7
2025-12-12 18:39:10.341535,24268.6,24270.3
2025-12-12 18:39:11.271602,24269.3,24270.7
2025-12-12 18:39:11.965067,24268.6,24270.3
2025-12-12 18:39:12.959937,24269.3,24270.7
2025-12-12 18:39:13.802233,24268.8,24270.2
2025-12-12 18:39:14.098072,24268.6,24270.3
2025-12-12 18:39:29.188379,24269.3,24270.7
2025-12-12 18:39:31.932832,24268.8,24270.2
2025-12-12 18:39:34.844155,24268.6,24270.3
2025-12-12 18:39:42.178633,24268.3,24269.7
2025-12-12 18:39:45.909604,24268.6,24270.3
2025-12-12 18:39:47.675072,24269.3,24270.7
2025-12-12 18:39:49.023073,24268.8,24270.2
2025-12-12 18:39:49.471775,24268.6,24270.3
2025-12-12 18:39:50.405287,24268.3,24269.7
2025-12-12 18:39:52.826499,24268.6,24270.3
2025-12-12 18:39:59.661961,24269.3,24270.7
2025-12-12 18:40:00.278427,24268.6,24270.3
2025-12-12 18:40:01.263143,24269.3,24270.7
2025-12-12 18:40:03.558169,24268.6,24270.3
2025-12-12 18:40:04.256066,24269.3,24270.7
2025-12-12 18:40:05.077163,24268.6,24270.3
2025-12-12 18:40:05.787363,24268.3,24269.7
2025-12-12 18:40:06.780035,24268.6,24270.3
2025-12-12 18:40:07.570848,24269.3,24270.7
2025-12-12 18:40:09.107239,24268.6,24270.3
2025-12-12 18:40:09.228702,24268.3,24269.7
2025-12-12 18:40:09.814697,24269.3,24270.7
2025-12-12 18:40:11.294329,24268.6,24270.3
2025-12-12 18:40:13.106259,24269.3,24270.7
2025-12-12 18:40:14.785629,24269.6,24271.3
2025-12-12 18:40:15.014672,24270.3,24271.7
2025-12-12 18:40:18.756222,24270.6,24272.3
2025-12-12 18:40:23.426948,24271.3,24272.7
2025-12-12 18:40:23.641081,24271.6,24273.3
2025-12-12 18:40:23.815237,24271.3,24272.7
2025-12-12 18:40:27.571168,24270.6,24272.3
2025-12-12 18:40:46.741297,24273.3,24274.7
2025-12-12 18:40:48.820983,24273.6,24275.3
2025-12-12 18:40:54.060168,24272.6,24274.3
2025-12-12 18:41:00.523221,24273.3,24274.7
2025-12-12 18:41:02.811713,24272.6,24274.3
2025-12-12 18:41:04.013782,24273.3,24274.7
2025-12-12 18:41:04.661901,24273.6,24275.3
2025-12-12 18:41:08.035730,24274.6,24276.3
2025-12-12 18:41:09.384161,24273.6,24275.3
2025-12-12 18:41:10.177266,24273.3,24274.7
2025-12-12 18:41:10.783272,24273.6,24275.3
2025-12-12 18:41:11.169720,24273.3,24274.7
2025-12-12 18:41:12.683606,24273.6,24275.3
2025-12-12 18:41:14.683922,24274.3,24275.7
2025-12-12 18:41:15.059431,24273.6,24275.3
2025-12-12 18:41:16.546074,24273.3,24274.7
2025-12-12 18:41:21.456709,24272.6,24274.3
2025-12-12 18:41:22.838951,24273.3,24274.7
2025-12-12 18:41:23.815870,24272.6,24274.3
2025-12-12 18:41:25.525750,24273.3,24274.7
2025-12-12 18:41:25.786865,24273.6,24275.3
2025-12-12 18:41:27.675967,24273.3,24274.7
2025-12-12 18:41:28.370514,24272.6,24274.3
2025-12-12 18:41:34.186721,24271.6,24273.3
2025-12-12 18:41:34.413531,24270.8,24272.2
2025-12-12 18:41:35.572812,24270.3,24271.7
2025-12-12 18:41:36.133966,24269.6,24271.3
2025-12-12 18:41:38.927410,24270.3,24271.7
2025-12-12 18:41:42.347246,24269.6,24271.3
2025-12-12 18:41:43.592054,24270.3,24271.7
2025-12-12 18:41:46.774989,24270.6,24272.3
2025-12-12 18:41:52.572356,24271.3,24272.7
2025-12-12 18:41:53.545530,24271.6,24273.3
2025-12-12 18:41:53.778452,24271.3,24272.7
2025-12-12 18:41:55.265679,24271.6,24273.3
2025-12-12 18:41:57.934683,24272.3,24273.7
2025-12-12 18:41:59.919318,24272.6,24274.3
2025-12-12 18:42:01.611743,24271.6,24273.3
2025-12-12 18:42:02.973069,24272.3,24273.7
2025-12-12 18:42:04.507347,24272.6,24274.3
2025-12-12 18:42:07.260292,24273.3,24274.7
2025-12-12 18:42:08.627799,24273.6,24275.3
2025-12-12 18:42:09.943044,24273.3,24274.7
2025-12-12 18:42:10.392364,24273.6,24275.3
2025-12-12 18:42:11.924477,24273.3,24274.7
2025-12-12 18:42:12.837919,24272.6,24274.3
2025-12-12 18:42:33.309456,24273.3,24274.7
2025-12-12 18:42:36.484722,24273.8,24275.2
2025-12-12 18:42:37.134125,24274.3,24275.7
2025-12-12 18:42:40.843189,24273.6,24275.3
2025-12-12 18:42:50.788040,24272.6,24275.3
2025-12-12 18:42:53.438658,24271.6,24275.3
2025-12-12 18:42:55.642790,24271.6,24274.3
2025-12-12 18:42:56.524320,24269.3,24270.7
2025-12-12 18:42:58.478427,24268.3,24269.7
2025-12-12 18:42:59.840699,24267.6,24269.3
2025-12-12 18:42:59.932190,24266.6,24268.3
2025-12-12 18:43:01.111732,24266.6,24269.3
2025-12-12 18:43:07.815039,24265.6,24268.3
2025-12-12 18:43:12.287265,24265.6,24267.3
2025-12-12 18:43:12.547812,24264.6,24266.3
2025-12-12 18:43:13.638732,24265.3,24266.7
2025-12-12 18:43:14.706922,24265.6,24267.3
2025-12-12 18:43:15.369730,24265.3,24266.7
2025-12-12 18:43:16.317749,24265.6,24267.3
2025-12-12 18:43:16.688771,24265.3,24266.7
2025-12-12 18:43:17.852584,24265.6,24267.3
2025-12-12 18:43:20.546191,24265.3,24266.7
2025-12-12 18:43:20.999309,24264.6,24266.3
2025-12-12 18:43:25.301445,24263.6,24266.3
2025-12-12 18:43:27.777719,24262.6,24266.3
2025-12-12 18:43:28.763462,24262.6,24265.3
2025-12-12 18:43:32.974296,24261.6,24264.3
2025-12-12 18:43:33.856713,24261.6,24263.3
2025-12-12 18:43:34.556314,24261.3,24262.7
2025-12-12 18:43:40.051373,24260.8,24262.2
2025-12-12 18:43:41.371673,24260.3,24261.7
2025-12-12 18:43:42.920977,24260.8,24262.2
2025-12-12 18:43:43.412739,24261.3,24262.7
2025-12-12 18:43:45.329088,24260.6,24262.3
2025-12-12 18:43:49.463949,24260.3,24261.7
2025-12-12 18:43:58.876700,24259.8,24261.2
2025-12-12 18:43:59.107142,24259.3,24260.7
2025-12-12 18:44:04.665957,24258.8,24260.2
2025-12-12 18:44:08.374197,24259.3,24260.7
2025-12-12 18:44:10.065463,24258.8,24260.2
2025-12-12 18:44:10.873300,24259.3,24260.7
2025-12-12 18:44:11.152272,24258.6,24260.3
2025-12-12 18:44:12.593284,24257.3,24258.7
2025-12-12 18:44:13.626729,24256.3,24257.7
2025-12-12 18:44:15.181258,24255.3,24256.7
2025-12-12 18:44:15.691812,24254.6,24256.3
2025-12-12 18:44:16.131836,24254.3,24255.7
2025-12-12 18:44:16.596553,24254.6,24256.3
2025-12-12 18:44:17.727581,24254.3,24255.7
2025-12-12 18:44:20.911687,24252.6,24254.3
2025-12-12 18:44:21.335858,24253.3,24254.7
2025-12-12 18:44:21.854072,24252.6,24254.3
2025-12-12 18:44:22.101189,24253.3,24254.7
2025-12-12 18:44:23.690903,24253.6,24255.3
2025-12-12 18:44:35.839530,24254.3,24255.7
2025-12-12 18:44:36.333181,24253.6,24255.3
2025-12-12 18:44:38.863142,24254.3,24255.7
2025-12-12 18:44:43.608700,24254.6,24257.3
2025-12-12 18:44:54.760494,24254.6,24256.3
2025-12-12 18:45:00.673511,24255.3,24256.7
2025-12-12 18:45:03.955855,24255.6,24257.3
2025-12-12 18:45:06.078634,24255.3,24256.7
2025-12-12 18:45:10.089805,24255.6,24257.3
2025-12-12 18:45:13.288312,24256.3,24257.7
2025-12-12 18:45:13.653433,24257.3,24258.7
2025-12-12 18:45:15.765352,24256.6,24258.3
2025-12-12 18:45:18.620197,24256.3,24257.7
2025-12-12 18:45:19.632278,24255.8,24257.2
2025-12-12 18:45:25.773413,24256.3,24257.7
2025-12-12 18:45:26.617538,24255.8,24257.2
2025-12-12 18:45:29.667418,24256.3,24257.7
2025-12-12 18:45:32.159498,24255.8,24257.2
2025-12-12 18:45:33.400479,24256.3,24257.7
2025-12-12 18:45:35.497785,24255.6,24257.3
2025-12-12 18:45:38.035638,24255.3,24256.7
2025-12-12 18:45:38.711939,24254.6,24256.3
2025-12-12 18:45:41.691869,24254.3,24255.7
2025-12-12 18:45:44.164765,24254.8,24256.2
2025-12-12 18:45:49.382891,24254.3,24255.7
2025-12-12 18:45:50.048675,24253.3,24254.7
2025-12-12 18:45:53.021975,24252.8,24254.2
2025-12-12 18:45:53.318146,24252.6,24254.3
2025-12-12 18:45:54.061065,24253.3,24254.7
2025-12-12 18:45:54.732878,24253.8,24255.2
2025-12-12 18:45:59.902383,24254.3,24255.7
2025-12-12 18:46:01.052742,24254.8,24256.2
2025-12-12 18:46:01.482198,24254.6,24256.3
2025-12-12 18:46:02.119063,24254.3,24255.7
2025-12-12 18:46:04.023007,24254.6,24256.3
2025-12-12 18:46:05.063901,24254.3,24255.7
2025-12-12 18:46:07.019475,24253.6,24255.3
2025-12-12 18:46:08.395819,24254.3,24255.7
2025-12-12 18:46:09.771287,24254.8,24256.2
2025-12-12 18:46:10.394388,24254.3,24255.7
2025-12-12 18:46:13.851317,24254.8,24256.2
2025-12-12 18:46:16.161618,24255.6,24257.3
2025-12-12 18:46:21.021779,24256.3,24257.7
2025-12-12 18:46:23.983363,24255.8,24257.2
2025-12-12 18:46:32.271232,24254.6,24256.3
2025-12-12 18:46:34.976581,24253.6,24256.3
2025-12-12 18:46:35.964115,24254.6,24256.3
2025-12-12 18:46:36.209350,24255.3,24256.7
2025-12-12 18:46:39.323918,24253.6,24256.3
2025-12-12 18:46:42.657045,24253.6,24255.3
2025-12-12 18:46:43.265271,24253.3,24254.7
2025-12-12 18:46:43.722012,24253.8,24255.2
2025-12-12 18:46:44.792967,24253.3,24254.7
2025-12-12 18:46:47.716384,24252.6,24254.3
2025-12-12 18:46:48.911826,24253.3,24254.7
2025-12-12 18:46:49.347588,24252.6,24254.3
2025-12-12 18:46:52.975719,24253.8,24255.2
2025-12-12 18:46:54.233096,24253.3,24254.7
2025-12-12 18:46:55.538978,24252.6,24254.3
2025-12-12 18:46:56.626450,24253.3,24254.7
2025-12-12 18:46:57.105172,24252.6,24254.3
2025-12-12 18:47:07.601661,24253.3,24254.7
2025-12-12 18:47:07.852420,24254.6,24256.3
2025-12-12 18:47:09.240122,24255.3,24256.7
2025-12-12 18:47:13.636709,24254.8,24256.2
2025-12-12 18:47:14.609536,24255.3,24256.7
2025-12-12 18:47:19.061820,24255.6,24257.3
2025-12-12 18:47:20.435391,24257.6,24259.3
2025-12-12 18:47:21.331660,24257.3,24258.7
2025-12-12 18:47:23.212785,24257.6,24259.3
2025-12-12 18:47:27.099111,24257.3,24258.7
2025-12-12 18:47:29.080494,24257.6,24259.3
2025-12-12 18:47:29.557288,24258.6,24260.3
2025-12-12 18:47:30.552462,24259.3,24260.7
2025-12-12 18:47:36.991413,24258.8,24260.2
2025-12-12 18:47:37.360403,24258.3,24259.7
2025-12-12 18:47:39.176965,24257.6,24259.3
2025-12-12 18:47:41.109177,24256.3,24257.7
2025-12-12 18:47:41.731900,24256.6,24258.3
2025-12-12 18:47:42.414798,24256.3,24257.7
2025-12-12 18:47:47.378607,24256.6,24258.3
2025-12-12 18:47:49.030718,24257.3,24258.7
2025-12-12 18:47:51.626600,24256.8,24258.2
2025-12-12 18:47:51.985077,24256.6,24258.3
2025-12-12 18:47:53.428060,24257.3,24258.7
2025-12-12 18:47:56.230889,24257.6,24259.3
2025-12-12 18:47:58.404271,24257.3,24258.7
2025-12-12 18:48:02.288161,24257.6,24259.3
2025-12-12 18:48:02.489990,24257.3,24258.7
2025-12-12 18:48:03.088407,24256.6,24258.3
2025-12-12 18:48:04.573111,24257.3,24258.7
2025-12-12 18:48:09.073869,24257.6,24259.3
2025-12-12 18:48:09.676418,24257.3,24258.7
2025-12-12 18:48:12.505327,24256.8,24258.2
2025-12-12 18:48:13.785075,24257.3,24258.7
2025-12-12 18:48:17.373580,24257.6,24259.3
2025-12-12 18:48:17.842528,24257.3,24258.7
2025-12-12 18:48:19.620226,24257.6,24259.3
2025-12-12 18:48:20.409704,24257.3,24258.7
2025-12-12 18:48:23.053900,24257.6,24259.3
2025-12-12 18:48:23.610610,24259.6,24261.3
2025-12-12 18:48:24.007587,24259.3,24260.7
2025-12-12 18:48:24.462620,24259.6,24261.3
2025-12-12 18:48:28.473863,24260.3,24261.7
2025-12-12 18:48:41.152849,24260.6,24262.3
2025-12-12 18:48:42.509599,24262.6,24264.3
2025-12-12 18:48:44.752553,24261.6,24263.3
2025-12-12 18:48:50.295348,24261.6,24264.3
2025-12-12 18:49:01.331831,24262.3,24263.7
2025-12-12 18:49:10.918900,24261.6,24263.3
2025-12-12 18:49:14.847792,24260.6,24263.3
2025-12-12 18:49:15.322095,24259.6,24263.3
2025-12-12 18:49:21.605160,24259.6,24262.3
2025-12-12 18:49:21.809826,24260.3,24261.7
2025-12-12 18:49:27.397207,24260.6,24262.3
2025-12-12 18:49:28.876348,24260.3,24261.7
2025-12-12 18:49:30.748298,24260.6,24262.3
2025-12-12 18:49:39.037815,24259.6,24261.3
2025-12-12 18:49:40.577105,24259.3,24260.7
2025-12-12 18:49:40.730689,24259.6,24261.3
2025-12-12 18:49:42.295823,24260.3,24261.7
2025-12-12 18:49:42.928856,24259.6,24261.3
2025-12-12 18:49:46.587255,24260.3,24261.7
2025-12-12 18:49:47.510950,24260.6,24262.3
2025-12-12 18:49:49.986486,24261.6,24263.3
2025-12-12 18:49:50.486132,24262.3,24263.7
2025-12-12 18:49:55.857041,24263.3,24264.7
2025-12-12 18:49:56.659622,24263.6,24265.3
2025-12-12 18:49:59.639062,24263.6,24266.3
2025-12-12 18:50:00.054712,24263.6,24265.3
2025-12-12 18:50:01.212431,24263.6,24266.3
2025-12-12 18:50:01.678007,24263.6,24267.3
2025-12-12 18:50:14.133768,24264.6,24266.3
2025-12-12 18:50:23.801484,24263.6,24266.3
2025-12-12 18:50:29.825826,24264.6,24266.3
2025-12-12 18:50:35.838363,24265.3,24266.7
2025-12-12 18:50:36.583980,24264.6,24266.3
2025-12-12 18:50:37.448807,24265.3,24266.7
2025-12-12 18:50:38.999156,24265.6,24267.3
2025-12-12 18:50:39.619180,24265.3,24266.7
2025-12-12 18:50:45.778210,24265.6,24267.3
2025-12-12 18:50:49.880958,24264.6,24266.3
2025-12-12 18:50:52.349090,24263.6,24266.3
2025-12-12 18:51:02.252842,24265.3,24266.7
2025-12-12 18:51:02.389170,24265.6,24267.3
2025-12-12 18:51:02.572843,24265.3,24266.7
2025-12-12 18:51:07.837396,24266.3,24267.7
2025-12-12 18:51:08.123646,24265.6,24267.3
2025-12-12 18:51:09.949467,24265.3,24266.7
2025-12-12 18:51:13.236035,24265.6,24268.3
2025-12-12 18:51:14.535865,24266.6,24268.3
2025-12-12 18:51:19.546155,24266.6,24269.3
2025-12-12 18:51:20.128843,24267.6,24269.3
2025-12-12 18:51:21.663042,24268.6,24270.3
2025-12-12 18:51:22.511246,24269.6,24271.3
2025-12-12 18:51:24.046244,24269.3,24270.7
2025-12-12 18:51:26.550766,24270.3,24271.7
2025-12-12 18:51:32.600784,24269.8,24271.2
2025-12-12 18:51:32.844769,24268.3,24269.7
2025-12-12 18:51:36.307906,24268.8,24270.2
2025-12-12 18:51:37.982482,24268.3,24269.7
2025-12-12 18:51:46.370387,24268.8,24270.2
2025-12-12 18:51:51.058724,24269.3,24270.7
2025-12-12 18:51:52.567419,24269.6,24271.3
2025-12-12 18:51:54.861048,24269.3,24270.7
2025-12-12 18:51:57.039958,24268.8,24270.2
2025-12-12 18:51:58.342022,24268.3,24269.7
2025-12-12 18:52:01.548315,24267.6,24269.3
2025-12-12 18:52:07.806242,24268.3,24269.7
2025-12-12 18:52:08.133918,24267.6,24269.3
2025-12-12 18:52:12.740549,24267.3,24268.7
2025-12-12 18:52:23.017787,24267.6,24269.3
2025-12-12 18:52:24.801411,24267.3,24268.7
2025-12-12 18:52:32.603296,24265.6,24268.3
2025-12-12 18:52:33.127592,24266.6,24268.3
2025-12-12 18:52:33.220290,24265.6,24268.3
2025-12-12 18:52:33.456256,24265.6,24267.3
2025-12-12 18:52:35.385572,24264.6,24266.3
2025-12-12 18:52:42.969788,24265.3,24266.7
2025-12-12 18:52:43.927308,24265.6,24267.3
2025-12-12 18:52:43.999254,24266.3,24267.7
2025-12-12 18:52:45.457641,24266.6,24268.3
2025-12-12 18:53:07.868547,24267.3,24268.7
2025-12-12 18:53:08.320903,24267.6,24269.3
2025-12-12 18:53:11.845565,24267.6,24270.3
2025-12-12 18:53:12.218854,24268.6,24270.3
2025-12-12 18:53:12.863833,24269.6,24271.3
2025-12-12 18:53:13.825221,24269.3,24270.7
2025-12-12 18:53:14.848744,24269.6,24271.3
2025-12-12 18:53:17.153206,24270.3,24271.7
2025-12-12 18:53:19.520869,24270.6,24272.3
2025-12-12 18:53:21.562527,24270.3,24271.7
2025-12-12 18:53:22.197751,24270.6,24272.3
2025-12-12 18:53:24.802853,24270.3,24271.7
2025-12-12 18:53:26.768229,24270.6,24272.3
2025-12-12 18:53:31.820917,24269.8,24271.2
2025-12-12 18:53:33.692992,24268.3,24269.7
2025-12-12 18:53:34.753088,24268.6,24270.3
2025-12-12 18:53:36.821140,24268.3,24269.7
2025-12-12 18:53:37.143428,24268.6,24270.3
2025-12-12 18:53:39.233001,24267.6,24269.3
2025-12-12 18:53:44.083380,24267.3,24268.7
2025-12-12 18:53:47.046487,24266.6,24268.3
2025-12-12 18:53:48.930875,24267.3,24268.7
2025-12-12 18:53:52.149849,24266.3,24267.7
2025-12-12 18:53:52.256412,24265.3,24266.7
2025-12-12 18:53:53.093960,24264.6,24266.3
2025-12-12 18:53:54.509160,24265.3,24266.7
2025-12-12 18:53:55.232958,24264.6,24266.3
2025-12-12 18:53:58.973830,24263.6,24266.3
2025-12-12 18:53:59.541664,24264.6,24266.3
2025-12-12 18:54:00.647951,24263.6,24266.3
2025-12-12 18:54:01.171328,24264.6,24266.3
2025-12-12 18:54:06.372660,24263.6,24266.3
2025-12-12 18:54:10.401052,24262.6,24266.3
2025-12-12 18:54:10.603331,24262.6,24265.3
2025-12-12 18:54:10.817499,24263.3,24264.7
2025-12-12 18:54:11.085184,24263.6,24265.3
2025-12-12 18:54:13.709110,24263.3,24264.7
2025-12-12 18:54:14.402625,24263.6,24265.3
2025-12-12 18:54:14.612409,24263.6,24266.3
2025-12-12 18:54:17.511478,24264.6,24266.3
2025-12-12 18:54:19.465763,24265.3,24266.7
2025-12-12 18:54:20.936833,24264.6,24266.3
2025-12-12 18:54:23.463395,24265.3,24266.7
2025-12-12 18:54:25.362892,24264.8,24266.2
2025-12-12 18:54:25.763322,24263.8,24265.2
2025-12-12 18:54:34.779651,24263.6,24266.3
2025-12-12 18:54:37.223184,24264.6,24266.3
2025-12-12 18:54:43.811922,24263.8,24265.2
2025-12-12 18:54:50.046321,24264.6,24267.3
2025-12-12 18:54:51.160067,24265.3,24266.7
2025-12-12 18:54:52.276482,24264.6,24266.3
2025-12-12 18:54:52.803895,24264.6,24267.3
2025-12-12 18:54:55.793751,24266.3,24267.7
2025-12-12 18:54:56.525101,24265.6,24267.3
2025-12-12 18:54:58.652334,24266.3,24267.7
2025-12-12 18:54:59.063112,24265.6,24267.3
2025-12-12 18:55:00.274190,24266.3,24267.7
2025-12-12 18:55:00.522048,24266.6,24268.3
2025-12-12 18:55:06.109997,24265.6,24268.3
2025-12-12 18:55:09.125084,24264.6,24266.3
2025-12-12 18:55:09.359028,24264.3,24265.7
2025-12-12 18:55:10.164120,24264.6,24266.3
2025-12-12 18:55:10.412715,24265.3,24266.7
2025-12-12 18:55:11.472957,24265.6,24267.3
2025-12-12 18:55:13.697760,24266.3,24267.7
2025-12-12 18:55:14.709371,24266.6,24268.3
2025-12-12 18:55:19.401996,24265.6,24268.3
2025-12-12 18:55:19.762664,24266.6,24268.3
2025-12-12 18:55:22.381768,24265.6,24268.3
2025-12-12 18:55:25.785364,24265.6,24267.3
2025-12-12 18:55:26.201545,24264.6,24266.3
2025-12-12 18:55:26.657951,24263.6,24266.3
2025-12-12 18:55:37.881533,24262.6,24266.3
2025-12-12 18:55:38.428888,24263.3,24264.7
2025-12-12 18:55:40.583433,24263.6,24265.3
2025-12-12 18:55:44.704824,24264.3,24265.7
2025-12-12 18:55:45.108884,24265.3,24266.7
2025-12-12 18:55:46.298856,24265.6,24267.3
2025-12-12 18:55:47.834269,24264.6,24266.3
2025-12-12 18:55:49.568834,24264.3,24265.7
2025-12-12 18:55:51.182061,24263.6,24265.3
2025-12-12 18:55:51.445967,24263.3,24264.7
2025-12-12 18:55:53.726910,24262.8,24264.2
2025-12-12 18:55:54.126114,24263.3,24264.7
2025-12-12 18:55:56.093778,24262.8,24264.2
2025-12-12 18:55:57.984460,24262.3,24263.7
2025-12-12 18:55:59.122040,24261.6,24263.3
2025-12-12 18:56:03.768695,24261.3,24262.7
2025-12-12 18:56:05.111954,24261.6,24263.3
2025-12-12 18:56:08.282690,24261.3,24262.7
2025-12-12 18:56:13.861333,24261.6,24263.3
2025-12-12 18:56:14.838872,24261.3,24262.7
2025-12-12 18:56:15.393367,24260.6,24262.3
2025-12-12 18:56:17.692837,24261.3,24262.7
2025-12-12 18:56:21.939587,24260.6,24262.3
2025-12-12 18:56:25.842636,24261.3,24262.7
2025-12-12 18:56:28.067247,24260.6,24262.3
2025-12-12 18:56:28.824483,24261.3,24262.7
2025-12-12 18:56:31.616152,24261.6,24263.3
2025-12-12 18:56:32.011594,24261.3,24262.7
2025-12-12 18:56:33.194748,24260.6,24262.3
2025-12-12 18:56:34.983027,24261.3,24262.7
2025-12-12 18:56:36.131186,24260.6,24262.3
2025-12-12 18:56:36.579382,24261.3,24262.7
2025-12-12 18:56:37.336189,24263.3,24264.7
2025-12-12 18:56:38.489593,24262.6,24264.3
2025-12-12 18:56:39.735497,24262.3,24263.7
2025-12-12 18:56:42.887844,24262.6,24264.3
2025-12-12 18:56:43.343390,24263.3,24264.7
2025-12-12 18:56:46.976212,24262.6,24264.3
2025-12-12 18:56:47.948368,24263.3,24264.7
2025-12-12 18:56:51.107986,24262.6,24264.3
2025-12-12 18:56:52.569883,24263.3,24264.7
2025-12-12 18:56:53.513695,24263.6,24265.3
2025-12-12 18:56:54.676426,24263.3,24264.7
2025-12-12 18:56:55.515361,24263.6,24265.3
2025-12-12 18:56:55.768317,24263.3,24264.7
2025-12-12 18:56:56.090009,24262.6,24264.3
2025-12-12 18:57:00.361039,24263.3,24264.7
2025-12-12 18:57:01.060949,24263.6,24265.3
2025-12-12 18:57:02.506333,24261.6,24264.3
2025-12-12 18:57:03.234388,24260.6,24264.3
2025-12-12 18:57:03.818456,24261.6,24264.3
2025-12-12 18:57:06.533945,24262.6,24264.3
2025-12-12 18:57:08.721544,24263.3,24264.7
2025-12-12 18:57:10.639892,24262.6,24264.3
2025-12-12 18:57:12.105845,24263.3,24264.7
2025-12-12 18:57:13.689965,24262.6,24264.3
2025-12-12 18:57:18.219254,24261.6,24264.3
2025-12-12 18:57:20.259820,24259.6,24264.3
2025-12-12 18:57:24.803332,24261.6,24264.3
2025-12-12 18:57:29.899910,24260.6,24264.3
2025-12-12 18:57:31.834361,24260.6,24263.3
2025-12-12 18:57:33.546328,24259.6,24262.3
2025-12-12 18:57:37.260570,24257.3,24258.7
2025-12-12 18:57:39.102628,24256.6,24258.3
2025-12-12 18:57:40.705992,24256.3,24257.7
2025-12-12 18:57:41.154732,24255.6,24257.3
2025-12-12 18:57:42.111078,24256.3,24257.7
2025-12-12 18:57:44.379010,24255.6,24257.3
2025-12-12 18:57:46.096909,24255.3,24256.7
2025-12-12 18:57:46.624207,24254.8,24256.2
2025-12-12 18:57:48.531353,24254.3,24255.7
2025-12-12 18:57:54.282730,24253.6,24255.3
2025-12-12 18:57:57.096538,24251.6,24254.3
2025-12-12 18:57:57.390203,24252.6,24254.3
2025-12-12 18:57:58.701018,24252.3,24253.7
2025-12-12 18:58:01.062516,24252.6,24254.3
2025-12-12 18:58:04.166725,24252.3,24253.7
2025-12-12 18:58:04.586933,24251.6,24253.3
2025-12-12 18:58:06.444214,24252.3,24253.7
2025-12-12 18:58:06.657150,24251.6,24253.3
2025-12-12 18:58:07.384739,24252.3,24253.7
2025-12-12 18:58:07.817782,24252.6,24254.3
2025-12-12 18:58:15.383124,24252.3,24253.7
2025-12-12 18:58:19.806851,24252.6,24254.3
2025-12-12 18:58:22.733679,24252.3,24253.7
2025-12-12 18:58:25.413098,24252.6,24254.3
2025-12-12 18:58:26.050210,24253.3,24254.7
2025-12-12 18:58:29.394984,24252.8,24254.2
2025-12-12 18:58:30.878744,24252.3,24253.7
2025-12-12 18:58:31.311652,24252.6,24254.3
2025-12-12 18:58:31.803868,24252.3,24253.7
2025-12-12 18:58:33.469075,24252.6,24254.3
2025-12-12 18:58:34.936635,24252.3,24253.7
2025-12-12 18:58:35.124082,24251.6,24253.3
2025-12-12 18:58:36.816096,24252.3,24253.7
2025-12-12 18:58:36.937681,24251.6,24253.3
2025-12-12 18:58:43.743664,24252.3,24253.7
2025-12-12 18:58:44.580644,24252.6,24254.3
2025-12-12 18:58:46.335774,24252.3,24253.7
2025-12-12 18:58:46.897471,24251.6,24253.3
2025-12-12 18:58:48.713613,24251.3,24252.7
2025-12-12 18:58:52.075875,24250.6,24252.3
2025-12-12 18:58:53.087960,24251.3,24252.7
2025-12-12 18:58:58.833760,24250.6,24252.3
2025-12-12 18:59:01.570334,24250.8,24252.2
2025-12-12 18:59:03.179419,24251.3,24252.7
2025-12-12 18:59:15.844136,24253.3,24254.7
2025-12-12 18:59:18.180226,24253.6,24255.3
2025-12-12 18:59:18.766620,24253.3,24254.7
2025-12-12 18:59:19.343565,24253.6,24255.3
2025-12-12 18:59:20.415166,24253.3,24254.7
2025-12-12 18:59:20.910953,24253.6,24255.3
2025-12-12 18:59:24.301415,24252.6,24254.3
2025-12-12 18:59:25.571521,24251.6,24254.3
2025-12-12 18:59:30.352056,24251.6,24253.3
2025-12-12 18:59:31.664412,24251.3,24252.7
2025-12-12 18:59:33.742167,24251.6,24253.3
2025-12-12 18:59:35.161929,24252.3,24253.7
2025-12-12 18:59:35.616107,24251.3,24252.7
2025-12-12 18:59:40.392597,24250.6,24252.3
2025-12-12 18:59:44.912020,24251.6,24253.3
2025-12-12 18:59:45.331075,24252.8,24254.2
2025-12-12 18:59:45.407779,24252.3,24253.7
2025-12-12 18:59:45.650642,24252.6,24254.3
2025-12-12 18:59:46.076258,24253.3,24254.7
2025-12-12 18:59:46.572616,24252.3,24253.7
2025-12-12 18:59:47.157662,24252.6,24254.3
2025-12-12 18:59:48.048916,24253.3,24254.7
2025-12-12 18:59:48.463362,24252.6,24254.3
2025-12-12 18:59:50.783214,24253.3,24254.7
2025-12-12 18:59:55.069334,24252.6,24254.3
2025-12-12 18:59:55.275705,24253.3,24254.7
2025-12-12 18:59:56.584465,24252.6,24254.3
2025-12-12 18:59:59.651519,24253.3,24254.7
2025-12-12 19:00:00.643907,24253.6,24255.3
2025-12-12 19:00:01.425196,24252.8,24254.2
2025-12-12 19:00:02.136625,24252.3,24253.7
2025-12-12 19:00:03.622154,24252.6,24254.3
2025-12-12 19:00:03.854186,24252.6,24255.3
2025-12-12 19:00:04.570890,24252.6,24254.3
2025-12-12 19:00:04.951643,24253.6,24255.3
2025-12-12 19:00:10.090713,24253.6,24256.3
2025-12-12 19:00:10.333169,24253.2,24254.7
2025-12-12 19:00:12.021230,24253.6,24255.3
2025-12-12 19:00:13.358298,24253.2,24254.7
2025-12-12 19:00:14.585408,24253.6,24255.3
2025-12-12 19:00:15.622227,24253.2,24254.7
2025-12-12 19:00:15.831045,24252.6,24254.3
2025-12-12 19:00:21.460174,24253.2,24254.7
2025-12-12 19:00:24.891052,24253.6,24255.3
2025-12-12 19:00:28.194685,24253.2,24254.7
2025-12-12 19:00:39.313747,24251.6,24254.3
2025-12-12 19:00:39.809769,24251.6,24253.3
2025-12-12 19:00:40.554129,24252.2,24253.7
2025-12-12 19:00:41.409166,24251.6,24253.3
2025-12-12 19:00:41.674509,24252.2,24253.7
2025-12-12 19:00:42.373026,24251.6,24253.3
2025-12-12 19:00:42.633232,24252.2,24253.7
2025-12-12 19:00:42.912269,24251.6,24253.3
2025-12-12 19:00:44.696530,24252.2,24253.7
2025-12-12 19:00:46.278418,24251.6,24253.3
2025-12-12 19:00:46.707130,24251.2,24252.7
2025-12-12 19:00:48.069222,24251.6,24253.3
2025-12-12 19:00:49.299667,24251.2,24252.7
2025-12-12 19:00:51.633041,24251.6,24253.3
2025-12-12 19:00:53.383179,24251.2,24252.7
2025-12-12 19:00:55.393884,24251.6,24253.3
2025-12-12 19:00:56.875225,24251.2,24252.7
2025-12-12 19:00:57.503408,24251.6,24253.3
2025-12-12 19:00:59.039267,24251.2,24252.7
2025-12-12 19:00:59.531428,24251.6,24253.3
2025-12-12 19:01:00.411551,24251.2,24252.7
2025-12-12 19:01:00.938749,24251.6,24253.3
2025-12-12 19:01:02.316603,24251.2,24252.7
2025-12-12 19:01:05.188308,24250.6,24252.3
2025-12-12 19:01:05.669974,24251.2,24252.7
2025-12-12 19:01:10.410892,24250.6,24252.3
2025-12-12 19:01:12.179264,24250.2,24251.7
2025-12-12 19:01:13.653798,24248.6,24250.3
2025-12-12 19:01:14.049185,24246.6,24250.3
2025-12-12 19:01:15.824158,24247.6,24249.3
2025-12-12 19:01:15.899858,24246.2,24247.7
2025-12-12 19:01:18.551196,24245.7,24247.2
2025-12-12 19:01:19.600351,24244.7,24246.2
2025-12-12 19:01:20.622007,24244.2,24245.7
2025-12-12 19:01:21.360835,24244.6,24246.3
2025-12-12 19:01:22.136602,24244.2,24245.7
2025-12-12 19:01:23.498997,24244.6,24247.3
2025-12-12 19:01:24.285302,24244.6,24246.3
2025-12-12 19:01:26.065822,24244.2,24245.7
2025-12-12 19:01:27.452039,24244.6,24246.3
2025-12-12 19:01:28.745436,24245.6,24247.3
2025-12-12 19:01:30.223529,24244.6,24246.3
2025-12-12 19:01:31.732828,24244.2,24245.7
2025-12-12 19:01:32.155412,24243.7,24245.2
2025-12-12 19:01:32.639700,24243.6,24245.3
2025-12-12 19:01:32.948726,24243.2,24244.7
2025-12-12 19:01:34.049307,24244.2,24245.7
2025-12-12 19:01:34.757208,24244.6,24246.3
2025-12-12 19:01:36.221705,24245.6,24247.3
2025-12-12 19:01:38.664448,24245.2,24246.7
2025-12-12 19:01:40.169321,24245.6,24247.3
2025-12-12 19:01:45.913985,24244.6,24246.3
2025-12-12 19:01:48.176461,24243.7,24245.2
2025-12-12 19:01:48.718133,24244.6,24246.3
2025-12-12 19:01:50.276911,24245.2,24246.7
2025-12-12 19:01:57.068511,24243.6,24245.3
2025-12-12 19:02:00.121156,24243.6,24246.3
2025-12-12 19:02:03.095078,24243.6,24245.3
2025-12-12 19:02:04.644631,24243.2,24244.7
2025-12-12 19:02:05.678475,24242.6,24244.3
2025-12-12 19:02:06.691174,24242.2,24243.7
2025-12-12 19:02:07.069936,24242.6,24244.3
2025-12-12 19:02:07.407810,24242.2,24243.7
2025-12-12 19:02:07.606767,24241.6,24243.3
2025-12-12 19:02:08.012945,24242.2,24243.7
2025-12-12 19:02:09.582338,24240.6,24243.3
2025-12-12 19:02:14.845663,24239.6,24243.3
2025-12-12 19:02:16.420314,24239.6,24241.3
2025-12-12 19:02:21.725883,24239.6,24242.3
2025-12-12 19:02:23.057963,24241.6,24244.3
2025-12-12 19:02:25.520469,24242.2,24243.7
2025-12-12 19:02:26.682079,24242.6,24244.3
2025-12-12 19:02:26.741757,24242.2,24243.7
2025-12-12 19:02:28.253599,24242.6,24244.3
2025-12-12 19:02:29.453082,24242.2,24243.7
2025-12-12 19:02:32.672973,24241.6,24243.3
2025-12-12 19:02:33.478814,24242.2,24243.7
2025-12-12 19:02:34.515077,24241.6,24243.3
2025-12-12 19:02:34.714261,24241.2,24242.7
2025-12-12 19:02:35.284101,24240.6,24242.3
2025-12-12 19:02:36.002356,24241.2,24242.7
2025-12-12 19:02:37.496602,24241.6,24243.3
2025-12-12 19:02:40.421795,24242.2,24243.7
2025-12-12 19:02:41.226888,24242.7,24244.2
2025-12-12 19:02:42.528402,24242.6,24244.3
2025-12-12 19:02:43.389726,24243.2,24244.7
2025-12-12 19:02:44.624971,24242.6,24244.3
2025-12-12 19:02:44.815458,24243.2,24244.7
2025-12-12 19:02:45.278077,24243.7,24245.2
2025-12-12 19:02:45.415522,24244.6,24246.3
2025-12-12 19:02:46.654979,24244.2,24245.7
2025-12-12 19:02:47.538824,24244.6,24246.3
2025-12-12 19:02:48.645783,24244.2,24245.7
2025-12-12 19:02:50.605944,24243.6,24245.3
2025-12-12 19:02:50.939460,24242.6,24244.3
2025-12-12 19:02:53.122386,24242.2,24243.7
2025-12-12 19:02:55.750092,24242.6,24244.3
2025-12-12 19:02:56.697599,24242.2,24243.7
2025-12-12 19:02:58.377479,24242.6,24244.3
2025-12-12 19:02:58.608629,24243.2,24244.7
2025-12-12 19:02:59.617765,24242.6,24244.3
2025-12-12 19:03:00.271199,24242.2,24243.7
2025-12-12 19:03:00.965784,24242.6,24244.3
2025-12-12 19:03:01.524617,24243.2,24244.7
2025-12-12 19:03:02.630529,24242.2,24243.7
2025-12-12 19:03:03.082407,24241.6,24243.3
2025-12-12 19:03:04.127419,24242.2,24243.7
2025-12-12 19:03:06.730482,24241.6,24243.3
2025-12-12 19:03:08.355275,24242.2,24243.7
2025-12-12 19:03:09.009376,24242.6,24244.3
2025-12-12 19:03:09.569207,24242.2,24243.7
2025-12-12 19:03:14.924208,24241.6,24243.3
2025-12-12 19:03:19.888755,24241.2,24242.7
2025-12-12 19:03:20.182402,24241.6,24243.3
2025-12-12 19:03:21.111236,24241.2,24242.7
2025-12-12 19:03:21.573897,24241.6,24243.3
2025-12-12 19:03:22.281618,24242.2,24243.7
2025-12-12 19:03:24.555069,24242.6,24244.3
2025-12-12 19:03:26.808214,24243.2,24244.7
2025-12-12 19:03:27.593956,24243.6,24245.3
2025-12-12 19:03:28.286313,24245.7,24247.2
2025-12-12 19:03:28.952286,24245.6,24247.3
2025-12-12 19:03:30.572841,24246.2,24247.7
2025-12-12 19:03:30.758264,24247.2,24248.7
2025-12-12 19:03:31.315570,24247.7,24249.2
2025-12-12 19:03:32.761761,24247.2,24248.7
2025-12-12 19:03:33.774952,24246.2,24247.7
2025-12-12 19:03:34.087945,24246.6,24248.3
2025-12-12 19:03:35.075896,24246.2,24247.7
2025-12-12 19:03:35.495716,24245.6,24247.3
2025-12-12 19:03:36.945318,24246.2,24247.7
2025-12-12 19:03:37.209192,24245.6,24247.3
2025-12-12 19:03:38.450929,24246.2,24247.7
2025-12-12 19:03:38.569404,24246.6,24248.3
2025-12-12 19:03:42.723004,24246.2,24247.7
2025-12-12 19:03:43.003322,24246.6,24248.3
2025-12-12 19:03:43.946845,24246.2,24247.7
2025-12-12 19:03:44.262172,24246.6,24248.3
2025-12-12 19:03:45.186730,24246.2,24247.7
2025-12-12 19:03:45.277395,24247.2,24248.7
2025-12-12 19:03:48.913563,24246.6,24248.3
2025-12-12 19:03:51.068271,24247.2,24248.7
2025-12-12 19:03:51.298858,24246.2,24247.7
2025-12-12 19:03:54.231570,24245.6,24247.3
2025-12-12 19:03:54.849546,24246.2,24247.7
2025-12-12 19:03:55.438322,24246.6,24248.3
2025-12-12 19:03:55.981036,24246.2,24247.7
2025-12-12 19:03:56.426410,24246.6,24248.3
2025-12-12 19:03:57.309294,24246.2,24247.7
2025-12-12 19:03:59.879175,24246.6,24248.3
2025-12-12 19:04:00.129268,24246.2,24247.7
2025-12-12 19:04:00.876555,24246.6,24248.3
2025-12-12 19:04:01.279335,24247.6,24249.3
2025-12-12 19:04:01.699101,24247.2,24248.7
2025-12-12 19:04:03.099786,24247.6,24249.3
2025-12-12 19:04:05.728444,24248.2,24249.7
2025-12-12 19:04:06.145607,24247.2,24248.7
2025-12-12 19:04:07.100638,24247.6,24249.3
2025-12-12 19:04:08.428572,24248.2,24249.7
2025-12-12 19:04:09.127595,24248.6,24250.3
2025-12-12 19:04:09.588999,24249.2,24250.7
2025-12-12 19:04:09.942221,24248.6,24250.3
2025-12-12 19:04:10.727163,24249.2,24250.7
2025-12-12 19:04:11.750762,24249.6,24251.3
2025-12-12 19:04:12.107727,24249.2,24250.7
2025-12-12 19:04:12.281835,24249.6,24251.3
2025-12-12 19:04:13.875024,24249.2,24250.7
2025-12-12 19:04:13.936779,24249.6,24251.3
2025-12-12 19:04:16.515180,24249.2,24250.7
2025-12-12 19:04:16.719850,24249.6,24251.3
2025-12-12 19:04:17.804406,24250.2,24251.7
2025-12-12 19:04:18.294060,24249.6,24251.3
2025-12-12 19:04:19.129960,24250.2,24251.7
2025-12-12 19:04:20.118897,24250.6,24252.3
2025-12-12 19:04:23.067348,24250.2,24251.7
2025-12-12 19:04:23.673083,24249.2,24250.7
2025-12-12 19:04:25.842040,24248.7,24250.2
2025-12-12 19:04:27.845312,24249.2,24250.7
2025-12-12 19:04:31.671759,24249.6,24251.3
2025-12-12 19:04:32.588475,24250.2,24251.7
2025-12-12 19:04:33.308695,24249.6,24251.3
2025-12-12 19:04:35.358875,24249.2,24250.7
2025-12-12 19:04:35.666948,24249.6,24251.3
2025-12-12 19:04:36.978413,24249.2,24250.7
2025-12-12 19:04:37.397542,24249.6,24251.3
2025-12-12 19:04:40.232263,24249.2,24250.7
2025-12-12 19:04:41.247917,24247.6,24250.3
2025-12-12 19:04:44.627971,24248.6,24250.3
2025-12-12 19:04:46.547449,24249.2,24250.7
2025-12-12 19:04:46.917931,24248.6,24250.3
2025-12-12 19:04:49.686250,24249.2,24250.7
2025-12-12 19:04:50.255868,24250.2,24251.7
2025-12-12 19:04:52.773110,24250.6,24252.3
2025-12-12 19:04:53.573381,24250.2,24251.7
2025-12-12 19:04:56.059664,24250.6,24252.3
2025-12-12 19:04:57.458066,24249.6,24251.3
2025-12-12 19:05:00.176761,24250.2,24251.7
2025-12-12 19:05:01.214758,24250.6,24252.3
2025-12-12 19:05:03.006615,24251.6,24253.3
2025-12-12 19:05:04.010389,24251.2,24252.7
2025-12-12 19:05:04.988368,24251.6,24253.3
2025-12-12 19:05:05.236569,24251.2,24252.7
2025-12-12 19:05:06.175060,24251.6,24253.3
2025-12-12 19:05:07.316815,24251.6,24254.3
2025-12-12 19:05:07.974796,24252.6,24254.3
2025-12-12 19:05:08.903053,24252.2,24253.7
2025-12-12 19:05:09.953768,24253.2,24254.7
2025-12-12 19:05:10.469060,24252.2,24253.7
2025-12-12 19:05:11.009084,24251.6,24253.3
2025-12-12 19:05:15.128777,24251.6,24254.3
2025-12-12 19:05:18.935141,24252.6,24254.3
2025-12-12 19:05:19.137941,24252.2,24253.7
2025-12-12 19:05:20.624654,24251.6,24253.3
2025-12-12 19:05:25.469199,24252.2,24253.7
2025-12-12 19:05:27.666121,24250.6,24253.3
2025-12-12 19:05:28.435546,24251.6,24253.3
2025-12-12 19:05:34.767087,24252.2,24253.7
2025-12-12 19:05:37.369553,24252.6,24254.3
2025-12-12 19:05:39.510938,24252.2,24253.7
2025-12-12 19:05:41.650642,24251.6,24253.3
2025-12-12 19:05:42.184831,24251.2,24252.7
2025-12-12 19:05:43.775423,24250.6,24252.3
2025-12-12 19:05:48.427956,24251.2,24252.7
2025-12-12 19:05:51.434761,24250.6,24252.3
2025-12-12 19:05:53.559029,24251.6,24253.3
2025-12-12 19:05:57.398357,24251.6,24254.3
2025-12-12 19:05:58.714952,24251.6,24253.3
2025-12-12 19:06:00.450093,24250.6,24253.3
2025-12-12 19:06:00.666119,24250.2,24251.7
2025-12-12 19:06:01.568670,24248.2,24249.7
2025-12-12 19:06:02.747765,24247.6,24249.3
2025-12-12 19:06:07.012821,24247.2,24248.7
2025-12-12 19:06:07.368866,24246.2,24247.7
2025-12-12 19:06:07.617039,24245.6,24247.3
2025-12-12 19:06:10.089368,24245.2,24246.7
2025-12-12 19:06:11.087826,24246.2,24247.7
2025-12-12 19:06:11.289313,24245.6,24248.3
2025-12-12 19:06:13.858731,24246.2,24247.7
2025-12-12 19:06:15.038412,24246.6,24248.3
2025-12-12 19:06:16.782819,24246.2,24247.7
2025-12-12 19:06:19.693625,24246.6,24248.3
2025-12-12 19:06:20.061593,24246.2,24247.7
2025-12-12 19:06:20.696237,24245.6,24247.3
2025-12-12 19:06:23.384841,24245.2,24246.7
2025-12-12 19:06:23.630695,24245.6,24247.3
2025-12-12 19:06:24.480235,24246.2,24247.7
2025-12-12 19:06:25.391941,24245.6,24247.3
2025-12-12 19:06:26.735675,24246.2,24247.7
2025-12-12 19:06:28.305987,24246.6,24248.3
2025-12-12 19:06:31.068494,24246.2,24247.7
2025-12-12 19:06:33.268727,24245.6,24247.3
2025-12-12 19:06:36.583517,24245.2,24246.7
2025-12-12 19:06:37.949624,24245.6,24247.3
2025-12-12 19:06:38.446329,24245.2,24246.7
2025-12-12 19:06:39.996830,24245.6,24247.3
2025-12-12 19:06:41.451610,24244.6,24247.3
2025-12-12 19:06:42.862409,24245.2,24246.7
2025-12-12 19:06:43.864786,24245.6,24247.3
2025-12-12 19:06:44.469096,24244.6,24247.3
2025-12-12 19:06:45.250334,24245.2,24246.7
2025-12-12 19:06:46.719824,24246.2,24247.7
2025-12-12 19:06:47.404067,24245.6,24247.3
2025-12-12 19:06:47.697227,24246.2,24247.7
2025-12-12 19:06:48.495660,24245.6,24247.3
2025-12-12 19:06:50.420204,24245.2,24246.7
2025-12-12 19:06:51.197733,24245.6,24247.3
2025-12-12 19:06:53.628780,24246.2,24247.7
2025-12-12 19:06:54.353675,24245.2,24246.7
2025-12-12 19:06:54.866546,24245.6,24247.3
2025-12-12 19:06:57.267495,24245.2,24246.7
2025-12-12 19:07:00.887364,24245.6,24247.3
2025-12-12 19:07:01.157295,24246.2,24247.7
2025-12-12 19:07:01.403117,24245.6,24247.3
2025-12-12 19:07:02.177569,24245.2,24246.7
2025-12-12 19:07:02.670697,24244.6,24246.3
2025-12-12 19:07:03.059870,24245.2,24246.7
2025-12-12 19:07:03.729804,24244.6,24246.3
2025-12-12 19:07:04.174062,24245.2,24246.7
2025-12-12 19:07:05.435043,24245.6,24247.3
2025-12-12 19:07:06.181125,24245.2,24246.7
2025-12-12 19:07:06.629660,24245.6,24247.3
2025-12-12 19:07:08.179145,24246.2,24247.7
2025-12-12 19:07:08.873115,24245.6,24247.3
2025-12-12 19:07:09.079101,24246.2,24247.7
2025-12-12 19:07:16.433577,24246.6,24248.3
2025-12-12 19:07:17.797923,24245.6,24248.3
2025-12-12 19:07:18.030166,24245.6,24247.3
2025-12-12 19:07:18.134877,24246.2,24247.7
2025-12-12 19:07:18.699242,24245.6,24247.3
2025-12-12 19:07:21.605837,24245.2,24246.7
2025-12-12 19:07:24.977433,24244.6,24246.3
2025-12-12 19:07:26.485322,24245.6,24247.3
2025-12-12 19:07:28.590808,24245.2,24246.7
2025-12-12 19:07:29.976173,24245.6,24247.3
2025-12-12 19:07:31.259346,24246.2,24247.7
2025-12-12 19:07:31.802038,24245.6,24247.3
2025-12-12 19:07:32.098698,24245.2,24246.7
2025-12-12 19:07:37.139083,24244.2,24245.7
2025-12-12 19:07:37.337461,24245.2,24246.7
2025-12-12 19:07:38.471782,24245.6,24247.3
2025-12-12 19:07:38.700979,24245.2,24246.7
2025-12-12 19:07:39.215874,24245.6,24247.3
2025-12-12 19:07:40.109823,24244.6,24246.3
2025-12-12 19:07:44.907716,24243.7,24245.2
2025-12-12 19:07:47.119729,24243.2,24244.7
2025-12-12 19:07:47.991834,24243.7,24245.2
2025-12-12 19:07:50.465925,24245.2,24246.7
2025-12-12 19:07:50.928092,24245.6,24247.3
2025-12-12 19:07:51.470188,24245.2,24246.7
2025-12-12 19:07:51.697857,24245.6,24247.3
2025-12-12 19:07:51.999275,24245.2,24246.7
2025-12-12 19:07:53.710154,24245.6,24247.3
2025-12-12 19:07:54.140342,24244.7,24246.2
2025-12-12 19:07:54.358407,24245.2,24246.7
2025-12-12 19:07:59.023010,24244.7,24246.2
2025-12-12 19:08:01.316712,24243.6,24245.3
2025-12-12 19:08:01.562745,24243.2,24244.7
2025-12-12 19:08:04.431783,24243.6,24245.3
2025-12-12 19:08:04.997103,24243.2,24244.7
2025-12-12 19:08:05.435567,24244.2,24245.7
2025-12-12 19:08:06.360344,24244.6,24246.3
2025-12-12 19:08:07.025853,24245.2,24246.7
2025-12-12 19:08:08.498649,24244.2,24245.7
2025-12-12 19:08:11.151697,24245.6,24247.3
2025-12-12 19:08:12.611498,24245.6,24248.3
2025-12-12 19:08:13.245671,24246.6,24248.3
2025-12-12 19:08:13.739816,24247.2,24248.7
2025-12-12 19:08:14.175754,24247.6,24249.3
2025-12-12 19:08:15.593577,24247.2,24248.7
2025-12-12 19:08:20.096839,24246.6,24248.3
2025-12-12 19:08:22.045972,24245.7,24247.2
2025-12-12 19:08:22.607814,24244.6,24246.3
2025-12-12 19:08:26.870525,24245.2,24246.7
2025-12-12 19:08:29.357925,24245.6,24247.3
2025-12-12 19:08:29.545475,24245.2,24246.7
2025-12-12 19:08:30.180204,24244.2,24245.7
2025-12-12 19:08:31.750319,24244.6,24246.3
2025-12-12 19:08:33.222485,24245.2,24246.7
2025-12-12 19:08:33.686467,24245.6,24247.3
2025-12-12 19:08:34.395595,24245.2,24246.7
2025-12-12 19:08:35.018194,24244.6,24246.3
2025-12-12 19:08:36.166191,24244.2,24245.7
2025-12-12 19:08:43.091632,24244.6,24246.3
2025-12-12 19:08:47.481498,24244.2,24245.7
2025-12-12 19:08:48.670658,24243.6,24245.3
2025-12-12 19:08:49.914051,24243.2,24244.7
2025-12-12 19:08:51.448884,24242.6,24244.3
2025-12-12 19:08:52.419051,24243.2,24244.7
2025-12-12 19:08:54.883590,24243.6,24245.3
2025-12-12 19:08:59.037414,24243.6,24246.3
2025-12-12 19:08:59.749873,24244.2,24245.7
2025-12-12 19:09:02.928896,24244.6,24246.3
2025-12-12 19:09:06.014738,24244.2,24245.7
2025-12-12 19:09:07.712546,24244.6,24246.3
2025-12-12 19:09:08.536912,24244.2,24245.7
2025-12-12 19:09:11.037143,24244.6,24246.3
2025-12-12 19:09:11.995994,24245.2,24246.7
2025-12-12 19:09:13.851120,24244.2,24245.7
2025-12-12 19:09:15.191251,24244.6,24246.3
2025-12-12 19:09:16.027639,24244.2,24245.7
2025-12-12 19:09:18.286835,24244.6,24246.3
2025-12-12 19:09:19.294542,24245.2,24246.7
2025-12-12 19:09:22.852489,24244.2,24245.7
2025-12-12 19:09:23.962001,24244.6,24246.3
2025-12-12 19:09:24.900379,24244.6,24247.3
2025-12-12 19:09:25.597778,24244.2,24245.7
2025-12-12 19:09:31.538579,24243.6,24245.3
2025-12-12 19:09:36.556308,24243.2,24244.7
2025-12-12 19:09:36.801411,24243.6,24245.3
2025-12-12 19:09:41.277988,24243.2,24244.7
2025-12-12 19:09:42.418284,24242.6,24244.3
2025-12-12 19:09:48.293178,24242.2,24243.7
2025-12-12 19:09:49.935540,24242.6,24244.3
2025-12-12 19:09:51.378092,24242.2,24243.7
2025-12-12 19:09:52.337835,24242.6,24244.3
2025-12-12 19:09:54.965296,24242.2,24243.7
2025-12-12 19:09:55.428475,24242.6,24244.3
2025-12-12 19:09:58.132164,24242.2,24243.7
2025-12-12 19:09:58.379262,24242.6,24244.3
2025-12-12 19:09:58.703033,24242.2,24243.7
2025-12-12 19:10:00.156978,24242.6,24244.3
2025-12-12 19:10:00.543504,24242.2,24243.7
2025-12-12 19:10:01.635702,24243.2,24244.7
2025-12-12 19:10:02.137342,24243.6,24246.3
2025-12-12 19:10:02.828103,24245.2,24246.7
2025-12-12 19:10:03.596421,24245.6,24247.3
2025-12-12 19:10:04.105387,24245.2,24246.7
2025-12-12 19:10:04.748666,24244.6,24246.3
2025-12-12 19:10:05.144120,24244.2,24245.7
2025-12-12 19:10:05.782182,24243.6,24245.3
2025-12-12 19:10:06.801317,24243.6,24246.3
2025-12-12 19:10:07.080197,24243.6,24245.3
2025-12-12 19:10:08.666327,24244.6,24246.3
2025-12-12 19:10:09.454301,24245.2,24246.7
2025-12-12 19:10:09.684598,24245.6,24247.3
2025-12-12 19:10:11.304534,24244.6,24246.3
2025-12-12 19:10:18.618494,24245.2,24246.7
2025-12-12 19:10:20.258243,24245.6,24247.3
2025-12-12 19:10:22.346081,24245.2,24246.7
2025-12-12 19:10:23.324795,24245.6,24247.3
2025-12-12 19:10:24.469319,24245.2,24246.7
2025-12-12 19:10:26.358395,24245.6,24247.3
2025-12-12 19:10:27.814165,24245.2,24246.7
2025-12-12 19:10:28.475567,24245.6,24247.3
2025-12-12 19:10:28.757839,24245.2,24246.7
2025-12-12 19:10:31.530326,24245.6,24247.3
2025-12-12 19:10:33.832491,24244.6,24246.3
2025-12-12 19:10:35.319986,24244.2,24245.7
2025-12-12 19:10:37.948291,24243.6,24245.3
2025-12-12 19:10:38.973534,24243.2,24244.7
2025-12-12 19:10:39.342655,24243.6,24245.3
2025-12-12 19:10:40.006430,24244.2,24245.7
2025-12-12 19:10:49.077221,24245.2,24246.7
2025-12-12 19:10:50.905595,24245.6,24247.3
2025-12-12 19:10:51.393056,24246.6,24248.3
2025-12-12 19:10:52.611129,24245.6,24247.3
2025-12-12 19:10:54.346060,24244.6,24246.3
2025-12-12 19:10:54.707418,24244.2,24245.7
2025-12-12 19:10:55.550516,24244.6,24246.3
2025-12-12 19:10:58.175980,24244.2,24245.7
2025-12-12 19:10:59.461346,24244.6,24246.3
2025-12-12 19:11:03.144436,24244.2,24245.7
2025-12-12 19:11:04.194939,24244.6,24247.3
2025-12-12 19:11:04.511611,24245.2,24246.7
2025-12-12 19:11:05.459440,24245.6,24247.3
2025-12-12 19:11:06.310464,24245.2,24246.7
2025-12-12 19:11:07.861695,24244.7,24246.2
2025-12-12 19:11:08.280037,24244.2,24245.7
2025-12-12 19:11:08.633713,24244.6,24246.3
2025-12-12 19:11:09.845348,24245.2,24246.7
2025-12-12 19:11:10.927295,24245.6,24247.3
2025-12-12 19:11:11.189983,24246.2,24247.7
2025-12-12 19:11:11.933067,24245.6,24247.3
2025-12-12 19:11:13.774239,24245.6,24248.3
2025-12-12 19:11:14.009467,24247.2,24248.7
2025-12-12 19:11:14.425133,24247.6,24249.3
2025-12-12 19:11:14.702984,24248.6,24250.3
2025-12-12 19:11:16.102724,24247.6,24250.3
2025-12-12 19:11:19.341770,24248.6,24250.3
2025-12-12 19:11:28.387786,24246.6,24250.3
2025-12-12 19:11:29.192842,24245.6,24250.3
2025-12-12 19:11:29.491213,24246.6,24250.3
2025-12-12 19:11:30.434767,24246.6,24249.3
2025-12-12 19:11:31.290318,24244.6,24247.3
2025-12-12 19:11:32.419980,24243.6,24245.3
2025-12-12 19:11:32.935604,24243.2,24244.7
2025-12-12 19:11:33.139151,24243.7,24245.2
2025-12-12 19:11:35.128965,24243.6,24245.3
2025-12-12 19:11:40.832073,24243.2,24244.7
2025-12-12 19:11:41.142192,24243.6,24245.3
2025-12-12 19:11:44.662000,24244.2,24245.7
2025-12-12 19:11:46.481755,24244.6,24246.3
2025-12-12 19:11:48.848870,24245.2,24246.7
2025-12-12 19:11:48.924453,24245.6,24247.3
2025-12-12 19:11:49.845396,24245.2,24246.7
2025-12-12 19:11:51.458966,24244.6,24246.3
2025-12-12 19:11:51.767747,24244.2,24245.7
2025-12-12 19:11:52.539046,24243.6,24245.3
2025-12-12 19:11:52.863771,24243.6,24246.3
2025-12-12 19:11:53.549652,24244.2,24245.7
2025-12-12 19:11:59.630956,24244.6,24246.3
2025-12-12 19:12:00.463736,24244.2,24245.7
2025-12-12 19:12:01.797569,24244.6,24246.3
2025-12-12 19:12:04.268021,24244.2,24245.7
2025-12-12 19:12:05.316559,24243.6,24245.3
2025-12-12 19:12:07.863265,24244.2,24245.7
2025-12-12 19:12:08.805223,24243.6,24245.3
2025-12-12 19:12:11.588573,24244.2,24245.7
2025-12-12 19:12:11.994683,24244.6,24246.3
2025-12-12 19:12:12.239634,24244.2,24245.7
2025-12-12 19:12:12.458251,24244.6,24246.3
2025-12-12 19:12:18.311349,24244.2,24245.7
2025-12-12 19:12:19.831854,24243.6,24245.3
2025-12-12 19:12:22.587441,24244.2,24245.7
2025-12-12 19:12:23.813675,24243.6,24245.3
2025-12-12 19:12:26.231010,24244.2,24245.7
2025-12-12 19:12:28.050385,24243.6,24245.3
2025-12-12 19:12:28.392714,24243.2,24244.7
2025-12-12 19:12:28.890462,24243.6,24245.3
2025-12-12 19:12:31.437689,24244.2,24245.7
2025-12-12 19:12:31.531431,24243.6,24245.3
2025-12-12 19:12:31.697622,24244.2,24245.7
2025-12-12 19:12:32.178276,24243.6,24245.3
2025-12-12 19:12:33.249191,24243.2,24244.7
2025-12-12 19:12:34.181934,24243.6,24245.3
2025-12-12 19:12:34.770622,24243.2,24244.7
2025-12-12 19:12:35.354256,24242.7,24244.2
2025-12-12 19:12:36.240029,24241.7,24243.2
2025-12-12 19:12:37.479333,24242.2,24243.7
2025-12-12 19:12:47.409812,24242.7,24244.2
2025-12-12 19:12:47.777350,24242.2,24243.7
2025-12-12 19:12:56.088590,24241.7,24243.2
2025-12-12 19:12:57.596802,24239.6,24242.3
2025-12-12 19:12:59.505135,24240.6,24242.3
2025-12-12 19:13:00.806157,24239.6,24242.3
2025-12-12 19:13:02.572512,24239.6,24241.3
2025-12-12 19:13:03.259240,24237.2,24238.7
2025-12-12 19:13:06.048332,24236.6,24238.3
2025-12-12 19:13:06.336133,24235.7,24237.2
2025-12-12 19:13:06.575811,24233.6,24235.3
2025-12-12 19:13:06.828084,24232.6,24234.3
2025-12-12 19:13:07.078456,24233.2,24234.7
2025-12-12 19:13:07.406268,24232.6,24234.3
2025-12-12 19:13:07.622582,24231.7,24233.2
2025-12-12 19:13:08.452076,24233.2,24234.7
2025-12-12 19:13:08.910968,24233.6,24235.3
2025-12-12 19:13:09.780011,24233.2,24234.7
2025-12-12 19:13:11.886162,24232.6,24234.3
2025-12-12 19:13:14.381739,24233.2,24234.7
2025-12-12 19:13:14.735766,24232.6,24235.3
2025-12-12 19:13:16.645883,24232.2,24233.7
2025-12-12 19:13:17.792014,24231.6,24233.3
2025-12-12 19:13:18.027565,24232.2,24233.7
