timestamp,bid,ask
2025-04-22 11:51:23.959558,4.2792,4.2809
2025-04-22 11:51:42.144082,4.2793,4.281
2025-04-22 20:42:25.102071,4.2825,4.2857
2025-04-22 20:56:32.676633,4.2837,4.2883
2025-04-22 20:56:35.808765,4.2835,4.2883
2025-04-22 20:56:47.460832,4.2836,4.2883
2025-04-22 20:56:49.771750,4.2835,4.2883
2025-04-22 20:56:50.274051,4.2836,4.2883
2025-04-22 20:56:57.781288,4.2835,4.2883
2025-04-22 20:57:01.652157,4.2836,4.2883
2025-04-22 20:57:03.011734,4.2835,4.2883
2025-04-22 20:57:03.617012,4.2835,4.2889
2025-04-22 20:59:55.976170,4.2827,4.2885
2025-04-22 20:59:57.220141,4.2814,4.2872
2025-04-22 20:59:58.595891,4.2756,4.2913
2025-04-22 21:03:15.536666,4.2768,4.292
2025-04-22 21:05:01.628998,4.2771,4.2915
2025-04-22 21:07:04.716699,4.2762,4.2908
2025-04-22 21:10:08.983828,4.2746,4.2923
2025-04-22 21:10:09.486301,4.2757,4.2906
2025-04-22 21:10:19.990666,4.2759,4.291
2025-04-22 21:11:10.036448,4.2757,4.2911
2025-04-22 21:11:43.051291,4.2766,4.2913
2025-04-22 21:12:43.263181,4.2753,4.2918
2025-04-22 21:12:43.769309,4.2763,4.2908
2025-04-22 21:12:44.266553,4.2753,4.2908
2025-04-22 21:12:44.769584,4.2753,4.2918
2025-04-22 21:12:48.757507,4.2763,4.2908
2025-04-22 21:12:50.259078,4.2753,4.2918
2025-04-22 21:12:51.269679,4.2763,4.2908
2025-04-22 21:12:51.766758,4.2753,4.2918
2025-04-22 21:12:52.270827,4.2763,4.2908
2025-04-22 21:12:53.263267,4.2753,4.2918
2025-04-22 21:12:53.770898,4.2763,4.2908
2025-04-22 21:12:54.272868,4.2753,4.2918
2025-04-22 21:12:54.761210,4.2763,4.2908
2025-04-22 21:12:55.266201,4.2753,4.2918
2025-04-22 21:12:56.760521,4.2763,4.2908
2025-04-22 21:12:58.265130,4.2753,4.2918
2025-04-22 21:12:59.263802,4.2763,4.2908
2025-04-22 21:13:00.268752,4.2753,4.2908
2025-04-22 21:13:00.779390,4.2763,4.2908
2025-04-22 21:13:04.279263,4.2753,4.2918
2025-04-22 21:13:04.786445,4.2763,4.2908
2025-04-22 21:13:06.776895,4.2753,4.2918
2025-04-22 21:13:07.783611,4.2763,4.2908
2025-04-22 21:13:08.785557,4.2753,4.2918
2025-04-22 21:13:09.779698,4.2763,4.2908
2025-04-22 21:13:10.281021,4.2753,4.2908
2025-04-22 21:13:10.780895,4.2753,4.2918
2025-04-22 21:13:12.276467,4.2763,4.2908
2025-04-22 21:13:12.781341,4.2753,4.2918
2025-04-22 21:13:14.792175,4.2763,4.2908
2025-04-22 21:13:15.795231,4.2753,4.2918
2025-04-22 21:13:16.300625,4.2763,4.2908
2025-04-22 21:13:17.801584,4.2753,4.2918
2025-04-22 21:13:18.799730,4.2763,4.2908
2025-04-22 21:13:20.798721,4.2753,4.2918
2025-04-22 21:13:22.811060,4.2763,4.2908
2025-04-22 21:13:23.314277,4.2753,4.2918
2025-04-22 21:13:23.805136,4.2763,4.2918
2025-04-22 21:13:24.310883,4.2763,4.2908
2025-04-22 21:13:24.812555,4.2753,4.2918
2025-04-22 21:13:25.803712,4.2763,4.2908
2025-04-22 21:13:26.306541,4.2753,4.2918
2025-04-22 21:13:29.309209,4.2763,4.2908
2025-04-22 21:13:31.308472,4.2753,4.2918
2025-04-22 21:13:31.820036,4.2763,4.2908
2025-04-22 21:13:32.805950,4.2753,4.2908
2025-04-22 21:13:33.307613,4.2763,4.2908
2025-04-22 21:13:33.804366,4.2753,4.2918
2025-04-22 21:13:34.310431,4.2763,4.2908
2025-04-22 21:13:34.815813,4.2753,4.2918
2025-04-22 21:13:35.318363,4.2763,4.2908
2025-04-22 21:13:35.813761,4.2753,4.2918
2025-04-22 21:13:36.308324,4.2763,4.2908
2025-04-22 21:13:36.809538,4.2753,4.2918
2025-04-22 21:13:44.323356,4.2763,4.2908
2025-04-22 21:13:44.828447,4.2753,4.2918
2025-04-22 21:13:45.832320,4.2763,4.2908
2025-04-22 21:13:46.320443,4.2753,4.2918
2025-04-22 21:13:47.833627,4.2763,4.2908
2025-04-22 21:13:49.824548,4.2753,4.2918
2025-04-22 21:13:50.330543,4.2763,4.2908
2025-04-22 21:13:51.824047,4.2753,4.2908
2025-04-22 21:13:52.320372,4.2753,4.2918
2025-04-22 21:13:54.830440,4.2763,4.2908
2025-04-22 21:13:55.335675,4.2753,4.2918
2025-04-22 21:13:55.824248,4.2763,4.2908
2025-04-22 21:13:56.328249,4.2753,4.2918
2025-04-22 21:13:58.895524,4.2763,4.2908
2025-04-22 21:13:59.319767,4.2753,4.2918
2025-04-22 21:14:00.336407,4.2763,4.2908
2025-04-22 21:14:00.845303,4.2754,4.2918
2025-04-22 21:14:01.347724,4.2763,4.2908
2025-04-22 21:14:02.345012,4.2753,4.2918
2025-04-22 21:14:04.348693,4.2763,4.2908
2025-04-22 21:14:04.841400,4.2763,4.2918
2025-04-22 21:14:05.342355,4.2763,4.2908
2025-04-22 21:14:05.839280,4.2753,4.2918
2025-04-22 21:14:06.336826,4.2763,4.2908
2025-04-22 21:14:07.344246,4.2753,4.2918
2025-04-22 21:14:08.342529,4.2763,4.2911
2025-04-22 21:14:08.847796,4.2763,4.2908
2025-04-22 21:14:09.340265,4.2753,4.2918
2025-04-22 21:14:09.841063,4.2763,4.2908
2025-04-22 21:14:10.343919,4.2753,4.2918
2025-04-22 21:14:11.838242,4.2763,4.2908
2025-04-22 21:14:12.344052,4.2753,4.2918
2025-04-22 21:14:13.340760,4.2763,4.2908
2025-04-22 21:14:13.841570,4.2753,4.2918
2025-04-22 21:14:14.346899,4.2763,4.2908
2025-04-22 21:14:15.340988,4.2753,4.2918
2025-04-22 21:14:15.841412,4.2763,4.2908
2025-04-22 21:14:16.341355,4.2753,4.2918
2025-04-22 21:14:17.339445,4.2763,4.2908
2025-04-22 21:14:17.841795,4.2753,4.2918
2025-04-22 21:14:19.837199,4.2763,4.2908
2025-04-22 21:14:21.841960,4.2753,4.2918
2025-04-22 21:14:23.840895,4.2763,4.2908
2025-04-22 21:14:24.344073,4.2753,4.2918
2025-04-22 21:14:24.845663,4.2763,4.2908
2025-04-22 21:14:26.850170,4.2753,4.2918
2025-04-22 21:14:27.842267,4.2763,4.2908
2025-04-22 21:14:28.836550,4.2753,4.2918
2025-04-22 21:14:29.343108,4.2763,4.2908
2025-04-22 21:14:30.840502,4.2753,4.2918
2025-04-22 21:14:31.340764,4.2763,4.2908
2025-04-22 21:14:33.347031,4.2753,4.2918
2025-04-22 21:14:33.837296,4.2763,4.2908
2025-04-22 21:14:34.340668,4.2753,4.2918
2025-04-22 21:14:36.342128,4.2763,4.2908
2025-04-22 21:14:37.350578,4.2763,4.2918
2025-04-22 21:14:37.837065,4.2763,4.2908
2025-04-22 21:14:38.336577,4.2753,4.2918
2025-04-22 21:14:39.346202,4.2763,4.2918
2025-04-22 21:14:39.847393,4.2753,4.2918
2025-04-22 21:14:40.861115,4.2763,4.2908
2025-04-22 21:14:42.357368,4.2753,4.2918
2025-04-22 21:14:42.853958,4.2763,4.2917
2025-04-22 21:14:43.364485,4.2763,4.2908
2025-04-22 21:14:43.863882,4.2753,4.2918
2025-04-22 21:14:45.355840,4.2763,4.2908
2025-04-22 21:14:45.862067,4.2753,4.2918
2025-04-22 21:14:46.855497,4.2763,4.2908
2025-04-22 21:14:47.365774,4.2753,4.2918
2025-04-22 21:14:47.861035,4.2763,4.2908
2025-04-22 21:14:48.852333,4.2753,4.2918
2025-04-22 21:14:51.865630,4.2763,4.2908
2025-04-22 21:14:52.363962,4.2753,4.2918
2025-04-22 21:14:53.353409,4.2753,4.2908
2025-04-22 21:14:53.857832,4.2753,4.2918
2025-04-22 21:14:54.853557,4.2763,4.2908
2025-04-22 21:14:55.862210,4.2753,4.2918
2025-04-22 21:15:59.524074,4.2763,4.2908
2025-04-22 21:16:59.524807,4.2762,4.2908
2025-04-22 21:21:05.472584,4.2773,4.2919
2025-04-22 21:22:05.573544,4.2767,4.2913
2025-04-22 21:23:05.603235,4.2753,4.2917
2025-04-22 21:23:10.611338,4.2753,4.2907
2025-04-22 21:27:05.351458,4.2762,4.2908
2025-04-22 21:29:18.549703,4.277,4.2916
2025-04-22 21:29:57.555087,4.2778,4.2924
2025-04-22 21:30:57.729629,4.2781,4.2927
2025-04-22 21:31:57.792166,4.2785,4.293
2025-04-22 21:32:28.317009,4.2773,4.2919
2025-04-22 21:32:29.810646,4.278,4.2925
2025-04-22 21:39:04.942994,4.2772,4.2917
2025-04-22 21:40:04.994413,4.2769,4.2915
2025-04-22 21:43:12.644057,4.2754,4.2931
2025-04-22 21:44:12.682417,4.2757,4.2934
2025-04-22 21:45:12.862440,4.2756,4.2933
2025-04-22 21:49:25.142830,4.275,4.2927
2025-04-22 21:49:25.642164,4.2756,4.2933
2025-04-22 21:50:25.708781,4.2755,4.2932
2025-04-22 21:51:25.713772,4.2756,4.2933
2025-04-22 21:52:25.337086,4.2753,4.293
2025-04-22 21:52:29.848944,4.2755,4.2932
2025-04-22 21:53:51.253312,4.2768,4.2945
2025-04-22 21:54:24.288313,4.2752,4.2929
2025-04-22 21:54:51.308123,4.2756,4.2933
2025-04-22 21:55:50.861628,4.2757,4.2934
2025-04-22 21:56:00.855808,4.276,4.2937
2025-04-22 21:56:51.087891,4.2759,4.2936
2025-04-22 21:59:59.510890,4.2756,4.2933
2025-04-22 22:00:00.574634,4.2758,4.2935
2025-04-22 22:00:01.549667,4.2756,4.2933
2025-04-22 22:00:10.228065,4.2785,4.2908
2025-04-22 22:00:12.385777,4.2805,4.2908
2025-04-22 22:00:13.309594,4.2773,4.2945
2025-04-22 22:00:16.572689,4.2796,4.2967
2025-04-22 22:00:18.950274,4.2748,4.2926
2025-04-22 22:00:19.764069,4.2803,4.2886
2025-04-22 22:00:22.442815,4.2812,4.2865
2025-04-22 22:00:23.397484,4.2815,4.2864
2025-04-22 22:00:25.590780,4.2821,4.2858
2025-04-22 22:00:28.997445,4.2822,4.2859
2025-04-22 22:00:30.977162,4.2821,4.2858
2025-04-22 22:00:32.214671,4.282,4.2857
2025-04-22 22:00:33.256647,4.2826,4.2865
2025-04-22 22:00:34.351484,4.2821,4.2859
2025-04-22 22:00:35.198396,4.2823,4.286
2025-04-22 22:00:35.880719,4.2821,4.2858
2025-04-22 22:00:36.332829,4.2822,4.2859
2025-04-22 22:00:36.928289,4.2821,4.2858
2025-04-22 22:00:44.217980,4.2812,4.2849
2025-04-22 22:00:44.737362,4.282,4.2857
2025-04-22 22:00:45.091478,4.2821,4.2858
2025-04-22 22:00:46.634756,4.282,4.2857
2025-04-22 22:00:48.466846,4.2822,4.2859
2025-04-22 22:00:49.399745,4.2821,4.2858
2025-04-22 22:00:50.970192,4.2822,4.2859
2025-04-22 22:00:53.990143,4.2821,4.2858
2025-04-22 22:00:55.762990,4.282,4.2857
2025-04-22 22:00:59.187452,4.2821,4.2858
2025-04-22 22:00:59.391745,4.2819,4.2856
2025-04-22 22:01:00.761349,4.2811,4.2865
2025-04-22 22:01:01.791815,4.2812,4.2868
2025-04-22 22:01:02.750603,4.281,4.2869
2025-04-22 22:01:03.299131,4.2813,4.2869
2025-04-22 22:01:04.368072,4.2815,4.2869
2025-04-22 22:01:05.756035,4.2814,4.2869
2025-04-22 22:01:09.287835,4.2815,4.2869
2025-04-22 22:01:12.831285,4.2813,4.2869
2025-04-22 22:01:14.414011,4.2815,4.2869
2025-04-22 22:01:17.755072,4.2813,4.2869
2025-04-22 22:01:40.794644,4.2817,4.2863
2025-04-22 22:01:43.228595,4.2826,4.2863
2025-04-22 22:03:29.160901,4.2826,4.2868
2025-04-22 22:03:30.199170,4.2821,4.2869
2025-04-22 22:03:31.442443,4.2821,4.2867
2025-04-22 22:03:32.726359,4.2821,4.2869
2025-04-22 22:04:07.223582,4.2821,4.2858
2025-04-22 22:04:07.693038,4.282,4.2869
2025-04-22 22:04:08.642465,4.2817,4.2869
2025-04-22 22:04:21.999617,4.2824,4.2861
2025-04-22 22:04:22.675714,4.2809,4.2868
2025-04-22 22:04:23.527513,4.281,4.2868
2025-04-22 22:04:24.156838,4.281,4.2869
2025-04-22 22:04:25.287805,4.2812,4.2869
2025-04-22 22:04:35.899824,4.2812,4.2861
2025-04-22 22:04:38.220291,4.2825,4.2868
2025-04-22 22:04:39.248419,4.282,4.2868
2025-04-22 22:04:46.634262,4.2819,4.2868
2025-04-22 22:04:47.474060,4.2818,4.2868
2025-04-22 22:04:48.636830,4.2817,4.2868
2025-04-22 22:04:50.045225,4.282,4.2868
2025-04-22 22:04:52.998105,4.2819,4.2868
2025-04-22 22:04:55.222984,4.2825,4.2868
2025-04-22 22:04:56.213321,4.2819,4.2868
2025-04-22 22:04:57.433894,4.282,4.2868
2025-04-22 22:04:58.484070,4.2825,4.2868
2025-04-22 22:04:59.702538,4.282,4.2868
2025-04-22 22:05:11.137732,4.2819,4.2859
2025-04-22 22:05:12.018529,4.2813,4.2852
2025-04-22 22:05:17.103060,4.2811,4.2848
2025-04-22 22:05:19.466527,4.2812,4.2849
2025-04-22 22:05:20.225616,4.2816,4.2853
2025-04-22 22:05:20.735522,4.2809,4.2846
2025-04-22 22:05:22.493599,4.2812,4.2849
2025-04-22 22:05:23.978442,4.2809,4.2846
2025-04-22 22:05:24.799182,4.2813,4.285
2025-04-22 22:05:25.881744,4.2826,4.2863
2025-04-22 22:05:39.902633,4.2821,4.2858
2025-04-22 22:05:42.980082,4.2814,4.2851
2025-04-22 22:05:46.374004,4.2811,4.2848
2025-04-22 22:05:47.303015,4.2812,4.2849
2025-04-22 22:05:48.848409,4.2811,4.2848
2025-04-22 22:05:50.677564,4.281,4.2847
2025-04-22 22:05:57.009579,4.2809,4.2846
2025-04-22 22:05:57.393624,4.281,4.2847
2025-04-22 22:06:01.988889,4.2809,4.2846
2025-04-22 22:06:05.127525,4.2808,4.2845
2025-04-22 22:06:09.147516,4.281,4.2847
2025-04-22 22:06:13.927135,4.2809,4.2846
2025-04-22 22:06:18.760685,4.2808,4.2845
2025-04-22 22:06:19.126139,4.2805,4.2842
2025-04-22 22:06:20.949616,4.2811,4.2848
2025-04-22 22:06:22.051299,4.2809,4.2846
2025-04-22 22:06:24.060677,4.2803,4.284
2025-04-22 22:06:24.588907,4.2806,4.2843
2025-04-22 22:06:28.202395,4.2802,4.2839
2025-04-22 22:06:30.519091,4.2797,4.2834
2025-04-22 22:06:30.879499,4.2799,4.2836
2025-04-22 22:06:33.099079,4.2796,4.2833
2025-04-22 22:06:34.495808,4.2795,4.2832
2025-04-22 22:06:35.178371,4.2794,4.2831
2025-04-22 22:06:39.803604,4.2796,4.2833
2025-04-22 22:06:40.579184,4.2794,4.2831
2025-04-22 22:06:41.843708,4.2805,4.2842
2025-04-22 22:06:43.677808,4.2795,4.2832
2025-04-22 22:06:44.866398,4.2792,4.2829
2025-04-22 22:06:45.276435,4.2798,4.2835
2025-04-22 22:06:48.320429,4.2795,4.2832
2025-04-22 22:06:49.860403,4.2793,4.283
2025-04-22 22:06:50.931650,4.2795,4.2832
2025-04-22 22:06:52.704591,4.2797,4.2834
2025-04-22 22:06:54.411570,4.2799,4.2836
2025-04-22 22:06:55.039507,4.28,4.2837
2025-04-22 22:06:57.454815,4.2797,4.2834
2025-04-22 22:06:59.416644,4.2796,4.2833
2025-04-22 22:07:00.749970,4.2823,4.286
2025-04-22 22:07:01.558816,4.28,4.2837
2025-04-22 22:07:02.976964,4.2801,4.2838
2025-04-22 22:07:04.015650,4.2805,4.2842
2025-04-22 22:07:04.561058,4.2802,4.2839
2025-04-22 22:07:06.333629,4.2797,4.2834
2025-04-22 22:07:08.106713,4.28,4.2837
2025-04-22 22:07:08.416167,4.2799,4.2836
2025-04-22 22:07:09.534199,4.2798,4.2835
2025-04-22 22:07:11.331518,4.2806,4.2843
2025-04-22 22:07:11.833696,4.2802,4.2839
2025-04-22 22:07:12.184704,4.28,4.2837
2025-04-22 22:07:13.211295,4.2799,4.2836
2025-04-22 22:07:16.182260,4.2813,4.285
2025-04-22 22:07:16.716103,4.28,4.2837
2025-04-22 22:07:17.466291,4.2803,4.284
2025-04-22 22:07:17.963328,4.2805,4.2842
2025-04-22 22:07:21.524096,4.2803,4.284
2025-04-22 22:07:22.589296,4.2805,4.2842
2025-04-22 22:07:25.986759,4.2799,4.2836
2025-04-22 22:07:26.231450,4.2801,4.2838
2025-04-22 22:07:27.191581,4.28,4.2837
2025-04-22 22:07:27.919337,4.2801,4.2838
2025-04-22 22:07:28.860605,4.2798,4.2835
2025-04-22 22:07:29.536586,4.28,4.2837
2025-04-22 22:07:33.689080,4.2806,4.2843
2025-04-22 22:07:38.305187,4.2802,4.2839
2025-04-22 22:07:38.935287,4.2797,4.2834
2025-04-22 22:07:41.426861,4.2792,4.2829
2025-04-22 22:07:43.439761,4.2797,4.2834
2025-04-22 22:07:46.052024,4.2796,4.2833
2025-04-22 22:07:46.705274,4.2797,4.2834
2025-04-22 22:07:49.758700,4.2801,4.2838
2025-04-22 22:07:50.645075,4.2796,4.2833
2025-04-22 22:07:51.863495,4.2798,4.2835
2025-04-22 22:07:52.980340,4.2805,4.2842
2025-04-22 22:07:57.012779,4.2802,4.2839
2025-04-22 22:08:01.936632,4.2798,4.2835
2025-04-22 22:08:03.302580,4.2802,4.2839
2025-04-22 22:08:08.065699,4.2816,4.2853
2025-04-22 22:08:10.561458,4.2809,4.2846
2025-04-22 22:08:10.799014,4.2803,4.284
2025-04-22 22:08:11.537036,4.2802,4.2839
2025-04-22 22:08:13.585032,4.2812,4.2849
2025-04-22 22:08:15.466971,4.2801,4.2838
2025-04-22 22:08:15.863339,4.2803,4.284
2025-04-22 22:08:18.776876,4.2809,4.2846
2025-04-22 22:08:19.893234,4.2804,4.2841
2025-04-22 22:08:20.263920,4.2802,4.2839
2025-04-22 22:08:22.605253,4.2799,4.2836
2025-04-22 22:08:24.961590,4.2804,4.2841
2025-04-22 22:08:26.455750,4.2803,4.284
2025-04-22 22:08:30.106607,4.2805,4.2842
2025-04-22 22:08:30.999717,4.281,4.2847
2025-04-22 22:08:32.375286,4.2807,4.2844
2025-04-22 22:08:38.167121,4.2806,4.2843
2025-04-22 22:08:39.321812,4.2805,4.2842
2025-04-22 22:08:40.034280,4.2807,4.2844
2025-04-22 22:08:40.634703,4.281,4.2847
2025-04-22 22:08:42.515144,4.2812,4.2849
2025-04-22 22:08:44.675427,4.2811,4.2848
2025-04-22 22:08:46.533937,4.28,4.2837
2025-04-22 22:08:47.442473,4.2801,4.2838
2025-04-22 22:08:48.627294,4.28,4.2837
2025-04-22 22:08:58.275345,4.2799,4.2836
2025-04-22 22:09:00.226588,4.2802,4.2839
2025-04-22 22:09:08.685923,4.2799,4.2836
2025-04-22 22:09:11.751588,4.2801,4.2838
2025-04-22 22:09:18.342664,4.28,4.2837
2025-04-22 22:09:21.885628,4.2799,4.2836
2025-04-22 22:09:27.526425,4.28,4.2837
2025-04-22 22:09:31.690766,4.2801,4.2838
2025-04-22 22:09:35.460899,4.28,4.2837
2025-04-22 22:09:39.264145,4.2799,4.2836
2025-04-22 22:09:39.639098,4.2808,4.2845
2025-04-22 22:09:41.087383,4.2809,4.2846
2025-04-22 22:09:41.885789,4.2812,4.2849
2025-04-22 22:09:43.627631,4.2809,4.2846
2025-04-22 22:09:48.789316,4.2815,4.2852
2025-04-22 22:09:50.426984,4.2816,4.2853
2025-04-22 22:09:53.008787,4.2813,4.285
2025-04-22 22:09:54.549975,4.2817,4.2854
2025-04-22 22:09:55.011268,4.282,4.2857
2025-04-22 22:09:56.622377,4.2822,4.2859
2025-04-22 22:09:57.217052,4.2824,4.2861
2025-04-22 22:10:02.065634,4.2826,4.2863
2025-04-22 22:10:07.844600,4.2825,4.2862
2025-04-22 22:10:13.442701,4.2824,4.2861
2025-04-22 22:10:34.509386,4.2825,4.2862
2025-04-22 22:10:36.371655,4.2824,4.2861
2025-04-22 22:10:48.297675,4.2818,4.2855
2025-04-22 22:11:03.834327,4.2819,4.2856
2025-04-22 22:12:04.395855,4.2822,4.2862
2025-04-22 22:12:05.217105,4.2819,4.2858
2025-04-22 22:12:06.418730,4.2824,4.2863
2025-04-22 22:12:15.463939,4.2821,4.286
2025-04-22 22:12:16.714050,4.2824,4.2864
2025-04-22 22:12:26.471644,4.2823,4.2862
2025-04-22 22:12:28.164590,4.2824,4.2863
2025-04-22 22:12:37.519879,4.282,4.2859
2025-04-22 22:13:06.289731,4.2818,4.2858
2025-04-22 22:14:00.480036,4.2824,4.2864
2025-04-22 22:18:09.626918,4.2816,4.2853
2025-04-22 22:18:40.556203,4.28,4.2837
2025-04-22 22:18:47.708253,4.2817,4.2854
2025-04-22 22:18:58.713723,4.2803,4.284
2025-04-22 22:19:08.287367,4.2818,4.2855
2025-04-22 22:19:37.165141,4.2802,4.2839
2025-04-22 22:20:27.885037,4.2814,4.2851
2025-04-22 22:21:52.834191,4.2796,4.2833
2025-04-22 22:22:15.016447,4.2806,4.2843
2025-04-22 22:22:18.655492,4.2814,4.2851
2025-04-22 22:22:42.030807,4.2824,4.2861
2025-04-22 22:22:42.836586,4.2813,4.285
2025-04-22 22:22:50.733727,4.2825,4.2862
2025-04-22 22:23:33.434282,4.2797,4.2834
2025-04-22 22:23:43.382024,4.2814,4.2851
2025-04-22 22:24:00.353103,4.2797,4.2834
2025-04-22 22:24:34.497622,4.2788,4.2825
2025-04-22 22:24:47.345020,4.2806,4.2843
2025-04-22 22:24:55.892718,4.2818,4.2855
2025-04-22 22:25:27.104760,4.2819,4.2856
2025-04-22 22:25:32.768190,4.2802,4.2839
2025-04-22 22:26:04.054928,4.282,4.2857
2025-04-22 22:26:33.426653,4.2797,4.2834
2025-04-22 22:26:34.009419,4.2802,4.2839
2025-04-22 22:26:52.740925,4.2791,4.2828
2025-04-22 22:26:53.743419,4.2804,4.2841
2025-04-22 22:26:54.726011,4.2794,4.2831
2025-04-22 22:26:55.353474,4.2799,4.2836
2025-04-22 22:26:55.813150,4.279,4.2827
2025-04-22 22:26:56.910821,4.2796,4.2833
2025-04-22 22:26:57.652131,4.2799,4.2836
2025-04-22 22:26:58.007890,4.279,4.2827
2025-04-22 22:27:01.415080,4.2789,4.2826
2025-04-22 22:27:06.864732,4.2788,4.2825
2025-04-22 22:27:08.170763,4.2789,4.2826
2025-04-22 22:27:09.306741,4.2788,4.2825
2025-04-22 22:27:09.793318,4.2793,4.283
2025-04-22 22:28:33.753962,4.2814,4.2851
2025-04-22 22:30:12.547912,4.2834,4.2871
2025-04-22 22:31:40.184561,4.2822,4.2859
2025-04-22 22:32:32.297889,4.2817,4.2854
2025-04-22 22:33:20.358443,4.2835,4.2872
2025-04-22 22:42:36.172932,4.2823,4.286
2025-04-22 22:42:36.937428,4.2834,4.2871
2025-04-22 22:42:37.463235,4.2833,4.287
2025-04-22 22:42:54.017295,4.2834,4.2871
2025-04-22 22:44:02.902585,4.2825,4.2862
2025-04-22 22:45:11.697175,4.2833,4.287
2025-04-22 22:51:26.269614,4.2834,4.2871
2025-04-22 22:51:30.186380,4.2828,4.2865
2025-04-23 08:45:44.188760,4.288,4.2897
2025-04-23 08:45:45.710249,4.2881,4.2898
2025-04-23 08:45:54.373217,4.2879,4.2896
2025-04-23 08:45:55.271620,4.288,4.2897
2025-04-23 08:46:15.803147,4.2881,4.2898
2025-04-23 08:46:22.839892,4.2877,4.2894
2025-04-23 08:46:26.034898,4.2879,4.2896
2025-04-23 08:46:31.418644,4.2878,4.2895
2025-04-23 08:47:08.168255,4.288,4.2897
2025-04-23 08:47:09.621243,4.2879,4.2896
2025-04-23 08:47:10.124196,4.2878,4.2895
2025-04-23 08:47:12.348105,4.2877,4.2894
2025-04-23 08:47:15.889455,4.2878,4.2895
2025-04-23 08:47:16.396798,4.2879,4.2896
2025-04-23 08:47:20.662153,4.2881,4.2898
2025-04-23 08:47:35.643409,4.2882,4.2899
2025-04-23 08:47:38.724049,4.288,4.2897
2025-04-23 08:47:41.089379,4.2881,4.2898
2025-04-23 08:47:42.006010,4.2883,4.29
2025-04-23 08:47:43.804200,4.2882,4.2899
2025-04-23 08:47:45.694309,4.288,4.2897
2025-04-23 08:47:48.966769,4.2881,4.2898
2025-04-23 08:47:57.620488,4.2879,4.2896
2025-04-23 08:48:01.793653,4.2878,4.2895
2025-04-23 08:48:04.482604,4.2879,4.2896
2025-04-23 08:48:08.428866,4.2878,4.2895
2025-04-23 08:48:13.246567,4.287,4.2887
2025-04-23 08:48:13.746854,4.2872,4.2889
2025-04-23 08:48:14.343530,4.2873,4.289
2025-04-23 08:48:17.420426,4.2872,4.2889
2025-04-23 08:48:17.920783,4.2869,4.2886
2025-04-23 08:48:21.278125,4.2873,4.289
2025-04-23 08:48:35.194287,4.2871,4.2888
2025-04-23 08:48:38.564407,4.2877,4.2894
2025-04-23 08:48:38.829154,4.2879,4.2896
2025-04-23 08:48:39.711094,4.288,4.2897
2025-04-23 08:48:52.591702,4.2881,4.2898
2025-04-23 08:48:54.692384,4.2882,4.2899
2025-04-23 08:49:16.032605,4.2881,4.2898
2025-04-23 08:49:32.996017,4.2882,4.2899
2025-04-23 08:50:25.027630,4.2884,4.2901
2025-04-23 08:51:21.393507,4.2886,4.2903
2025-04-23 08:51:25.207393,4.2884,4.2901
2025-04-23 08:51:33.466634,4.2883,4.29
2025-04-24 19:50:12.752208,4.2709,4.2726
2025-04-24 19:50:14.909442,4.2708,4.2725
2025-04-24 19:50:17.558355,4.2709,4.2726
2025-04-24 19:50:18.689984,4.2708,4.2725
2025-04-24 19:50:19.547976,4.2707,4.2724
2025-04-24 19:50:20.547745,4.2708,4.2725
2025-04-24 19:50:21.044033,4.2707,4.2724
2025-04-24 19:50:24.684294,4.2708,4.2725
2025-04-24 19:50:26.108350,4.2709,4.2726
2025-04-24 19:50:31.373510,4.2708,4.2725
2025-04-24 19:50:32.862749,4.2709,4.2726
2025-04-24 19:50:33.868172,4.2708,4.2725
2025-04-24 19:50:34.871440,4.2709,4.2726
2025-04-24 19:50:36.788499,4.2708,4.2725
2025-04-24 19:50:37.474205,4.2709,4.2726
2025-04-24 19:50:44.691984,4.2708,4.2725
2025-04-24 19:50:47.094369,4.2709,4.2726
2025-04-24 19:50:48.083928,4.2708,4.2725
2025-04-24 19:50:50.097398,4.2705,4.2722
2025-04-24 19:50:51.107712,4.2709,4.2726
2025-04-24 19:50:57.314815,4.2708,4.2725
2025-04-24 19:50:58.184369,4.2709,4.2726
2025-04-24 19:50:59.688658,4.271,4.2727
2025-04-24 19:51:00.918938,4.2709,4.2726
2025-04-24 19:51:02.698494,4.271,4.2727
2025-04-24 19:51:09.097055,4.2709,4.2726
2025-04-24 19:51:09.897699,4.271,4.2727
2025-04-24 19:51:11.393960,4.2709,4.2726
2025-04-24 19:51:14.908541,4.271,4.2727
2025-04-24 19:51:28.256942,4.2711,4.2728
2025-04-24 19:51:28.753870,4.2713,4.273
2025-04-24 19:51:29.264434,4.2712,4.2729
2025-04-24 19:51:30.252648,4.2715,4.2732
2025-04-24 19:51:30.763501,4.2711,4.2728
2025-04-24 19:51:31.291537,4.2713,4.273
2025-04-24 19:51:32.296959,4.2711,4.2728
2025-04-24 19:51:32.755956,4.2712,4.2729
2025-04-24 19:51:34.587812,4.2713,4.273
2025-04-24 19:51:36.377165,4.2714,4.2731
2025-04-24 19:51:36.797861,4.2713,4.273
2025-04-24 19:51:37.784345,4.2714,4.2731
2025-04-24 19:51:38.599585,4.2713,4.273
2025-04-24 19:51:40.535597,4.271,4.2727
2025-04-24 19:51:41.544457,4.2713,4.273
2025-04-24 19:51:46.326981,4.2714,4.2731
2025-04-24 19:51:47.316239,4.2712,4.2729
2025-04-24 19:51:48.132245,4.2711,4.2728
2025-04-24 19:51:49.342196,4.2713,4.273
2025-04-24 19:51:50.492015,4.2712,4.2729
2025-04-24 19:51:50.987317,4.2713,4.273
2025-04-24 19:51:51.499197,4.2711,4.2728
2025-04-24 19:51:52.240596,4.2712,4.2729
2025-04-24 19:51:54.253081,4.2711,4.2728
2025-04-24 19:53:49.758472,4.2711,4.2728
2025-04-24 19:54:02.433883,4.2712,4.2729
2025-04-24 19:54:03.070723,4.2713,4.273
2025-04-24 19:54:03.821843,4.2711,4.2728
2025-04-24 19:54:04.572838,4.2714,4.2731
2025-04-24 19:54:05.324087,4.2713,4.273
2025-04-24 19:54:05.630263,4.2712,4.2729
2025-04-24 19:54:06.379030,4.2713,4.273
2025-04-24 19:54:07.129124,4.2711,4.2728
2025-04-24 19:54:07.881470,4.2712,4.2729
2025-04-24 19:54:08.899940,4.2711,4.2728
2025-04-24 19:54:10.005250,4.2713,4.273
2025-04-24 19:54:10.450805,4.2711,4.2728
2025-04-24 19:54:11.741744,4.2712,4.2729
2025-04-24 19:54:12.893690,4.271,4.2727
2025-04-24 19:54:28.732288,4.2711,4.2728
2025-04-24 19:54:29.482334,4.271,4.2727
2025-04-24 19:54:32.887271,4.2711,4.2728
2025-04-24 19:54:35.093995,4.271,4.2727
2025-04-24 19:54:36.581715,4.2711,4.2728
2025-04-24 19:54:38.426389,4.271,4.2727
2025-04-24 19:54:52.487139,4.2711,4.2728
2025-04-24 19:54:58.592327,4.271,4.2727
2025-04-24 19:54:59.336784,4.2711,4.2728
2025-04-24 19:55:00.629994,4.271,4.2727
2025-04-24 19:55:07.628740,4.2711,4.2728
2025-04-24 19:55:23.048055,4.271,4.2727
2025-04-24 19:55:24.524291,4.2711,4.2728
2025-04-24 19:55:32.820484,4.2712,4.2729
2025-04-24 19:55:33.569245,4.271,4.2727
2025-04-24 19:55:36.906071,4.2711,4.2728
2025-04-24 19:55:38.404091,4.271,4.2727
2025-04-24 19:55:39.152058,4.2708,4.2725
2025-04-24 19:55:40.135543,4.2709,4.2726
2025-04-24 19:55:40.881152,4.271,4.2727
2025-04-24 19:55:41.735454,4.2709,4.2726
2025-04-24 19:55:44.833051,4.271,4.2727
2025-04-24 19:55:46.904142,4.2711,4.2728
2025-04-24 19:55:48.133584,4.271,4.2727
2025-04-24 19:56:15.016717,4.2709,4.2726
2025-04-24 19:56:17.381029,4.2708,4.2725
2025-04-24 19:56:20.373685,4.2709,4.2726
2025-04-24 19:56:23.865617,4.2708,4.2725
2025-04-24 19:56:25.286518,4.2711,4.2728
2025-04-24 19:56:33.680636,4.271,4.2727
2025-04-24 19:56:37.600684,4.2711,4.2728
2025-04-24 19:56:39.098429,4.2712,4.2729
2025-04-24 19:56:39.487009,4.271,4.2727
2025-04-24 19:56:40.453379,4.2711,4.2728
2025-04-24 19:56:44.665193,4.271,4.2727
2025-04-24 19:56:46.449779,4.2711,4.2728
2025-04-24 19:56:47.201327,4.271,4.2727
2025-04-24 19:56:50.850710,4.2709,4.2726
2025-04-24 19:56:52.351983,4.2707,4.2724
2025-04-24 19:56:53.004354,4.2708,4.2725
2025-04-24 19:56:59.867299,4.2707,4.2724
2025-04-24 19:57:00.633415,4.2709,4.2726
2025-04-24 19:57:03.299040,4.271,4.2727
2025-04-24 19:57:08.566821,4.2709,4.2726
2025-04-24 19:57:14.604008,4.2707,4.2724
2025-04-24 19:57:15.565990,4.2708,4.2725
2025-04-24 19:57:16.316270,4.2709,4.2726
2025-04-24 19:57:17.900986,4.2708,4.2725
2025-04-24 19:57:18.649904,4.2709,4.2726
2025-04-24 19:57:20.145453,4.271,4.2727
2025-04-24 19:57:21.667627,4.2709,4.2726
2025-04-24 19:57:22.414964,4.271,4.2727
2025-04-24 19:57:24.714965,4.2711,4.2728
2025-04-24 19:57:24.899727,4.271,4.2727
2025-04-24 19:57:29.335555,4.2709,4.2726
2025-04-24 19:57:39.151001,4.2711,4.2728
2025-04-24 19:57:39.326821,4.271,4.2727
2025-04-24 19:57:58.059922,4.2709,4.2726
2025-04-24 19:57:58.857921,4.271,4.2727
2025-04-24 19:57:59.553178,4.2708,4.2725
2025-04-24 19:58:00.317264,4.2707,4.2724
2025-04-24 19:58:01.265963,4.2709,4.2726
2025-04-24 19:58:02.765564,4.2713,4.273
2025-04-24 19:58:03.515931,4.272,4.2737
2025-04-24 19:58:04.267313,4.2714,4.2731
2025-04-24 19:58:05.010607,4.2716,4.2733
2025-04-24 19:58:05.765379,4.2717,4.2734
2025-04-24 19:58:07.375032,4.2713,4.273
2025-04-24 19:58:08.115246,4.2718,4.2735
2025-04-24 19:58:08.867084,4.2717,4.2734
2025-04-24 19:58:11.250291,4.2714,4.2731
2025-04-24 19:58:12.370519,4.2717,4.2734
2025-04-24 19:58:14.132456,4.2713,4.273
2025-04-24 19:58:14.887497,4.2718,4.2735
2025-04-24 19:58:15.636183,4.2719,4.2736
2025-04-24 19:58:16.281610,4.2717,4.2734
2025-04-24 19:58:16.984893,4.2716,4.2733
2025-04-24 19:58:17.384867,4.2717,4.2734
2025-04-24 19:58:17.959370,4.2718,4.2735
2025-04-24 19:58:18.710858,4.2717,4.2734
2025-04-24 19:58:19.367070,4.2718,4.2735
2025-04-24 19:58:20.920564,4.2717,4.2734
2025-04-24 19:58:22.364788,4.2718,4.2735
2025-04-24 19:58:23.872227,4.2713,4.273
2025-04-24 19:58:24.616126,4.2718,4.2735
2025-04-24 19:58:26.864307,4.2719,4.2736
2025-04-24 19:58:28.183814,4.2717,4.2734
2025-04-24 19:58:28.931850,4.2716,4.2733
2025-04-24 19:58:29.680277,4.2717,4.2734
2025-04-24 19:58:32.682451,4.2715,4.2732
2025-04-24 19:58:33.507225,4.2717,4.2734
2025-04-24 19:58:34.266310,4.2715,4.2732
2025-04-24 19:58:35.016669,4.2719,4.2736
2025-04-24 19:58:35.765670,4.2718,4.2735
2025-04-24 19:58:37.132788,4.2714,4.2731
2025-04-24 19:58:37.984741,4.2718,4.2735
2025-04-24 19:58:39.570909,4.2716,4.2733
2025-04-24 19:58:41.100183,4.2717,4.2734
2025-04-24 19:58:41.851324,4.2718,4.2735
2025-04-24 19:58:42.597334,4.2717,4.2734
2025-04-24 19:58:43.350262,4.2715,4.2732
2025-04-24 19:58:44.104265,4.2716,4.2733
2025-04-24 19:58:45.605445,4.2717,4.2734
2025-04-24 19:58:46.260483,4.2716,4.2733
2025-04-24 19:58:48.015060,4.2714,4.2731
2025-04-24 19:58:49.298815,4.2716,4.2733
2025-04-24 19:58:50.814939,4.2715,4.2732
2025-04-24 19:59:00.803755,4.2716,4.2733
2025-04-24 19:59:01.536543,4.2717,4.2734
2025-04-24 19:59:01.963359,4.2715,4.2732
2025-04-24 19:59:03.466172,4.2714,4.2731
2025-04-24 19:59:03.959564,4.2715,4.2732
2025-04-24 19:59:06.210206,4.2714,4.2731
2025-04-24 19:59:06.687888,4.2715,4.2732
2025-04-24 19:59:07.737404,4.2714,4.2731
2025-04-24 19:59:09.409941,4.2715,4.2732
2025-04-24 19:59:13.290371,4.2714,4.2731
2025-04-24 19:59:14.039105,4.2715,4.2732
2025-04-24 19:59:15.341825,4.2712,4.2729
2025-04-24 19:59:16.148058,4.2715,4.2732
2025-04-24 19:59:16.898544,4.2716,4.2733
2025-04-24 19:59:17.953792,4.2715,4.2732
2025-04-24 19:59:19.273098,4.2716,4.2733
2025-04-24 19:59:19.856376,4.2715,4.2732
2025-04-24 19:59:24.254228,4.2714,4.2731
2025-04-24 19:59:25.764430,4.2715,4.2732
2025-04-24 19:59:27.299293,4.2714,4.2731
2025-04-24 19:59:31.891066,4.2713,4.273
2025-04-24 19:59:32.510871,4.2714,4.2731
2025-04-24 19:59:36.236168,4.2715,4.2732
2025-04-24 19:59:46.839747,4.2714,4.2731
2025-04-24 19:59:48.411685,4.2715,4.2732
2025-04-24 19:59:52.693921,4.2716,4.2733
2025-04-24 19:59:53.446995,4.2715,4.2732
2025-04-24 19:59:54.681884,4.2716,4.2733
2025-04-24 19:59:55.865123,4.2715,4.2732
2025-04-24 19:59:56.898808,4.2717,4.2734
2025-04-24 19:59:57.646040,4.2715,4.2732
2025-04-24 19:59:58.616181,4.272,4.2737
2025-04-24 19:59:59.719205,4.2724,4.2741
2025-04-24 20:00:00.900141,4.2723,4.274
2025-04-24 20:00:01.619319,4.2722,4.2739
2025-04-24 20:00:03.018862,4.2724,4.2741
2025-04-24 20:00:03.765494,4.273,4.2747
2025-04-24 20:00:04.267699,4.2727,4.2744
2025-04-24 20:00:06.057436,4.2728,4.2745
2025-04-24 20:00:07.933754,4.273,4.2747
2025-04-24 20:00:08.973889,4.2729,4.2746
2025-04-24 20:00:09.384465,4.2728,4.2745
2025-04-24 20:00:10.129502,4.2732,4.2749
2025-04-24 20:00:10.499578,4.2728,4.2745
2025-04-24 20:00:11.687517,4.2727,4.2744
2025-04-24 20:00:12.844030,4.2729,4.2746
2025-04-24 20:00:13.318151,4.2731,4.2748
2025-04-24 20:00:14.142109,4.2729,4.2746
2025-04-24 20:00:14.750309,4.2728,4.2745
2025-04-24 20:00:17.263969,4.2729,4.2746
2025-04-24 20:00:18.383835,4.2727,4.2744
2025-04-24 20:00:20.075513,4.273,4.2747
2025-04-24 20:00:20.828217,4.2729,4.2746
2025-04-24 20:00:21.278715,4.273,4.2747
2025-04-24 20:00:22.866771,4.2729,4.2746
2025-04-24 20:00:23.504709,4.2726,4.2743
2025-04-24 20:00:24.756181,4.2727,4.2744
2025-04-24 20:00:25.937468,4.273,4.2747
2025-04-24 20:00:26.272529,4.2728,4.2745
2025-04-24 20:00:27.780357,4.2729,4.2746
2025-04-24 20:00:28.523388,4.2728,4.2745
2025-04-24 20:00:29.271348,4.2729,4.2746
2025-04-24 20:00:30.634331,4.2727,4.2744
2025-04-24 20:00:31.379904,4.2735,4.2752
2025-04-24 20:00:32.141473,4.273,4.2747
2025-04-24 20:00:32.965125,4.2729,4.2746
2025-04-24 20:00:34.134642,4.2731,4.2748
2025-04-24 20:00:34.749768,4.273,4.2747
2025-04-24 20:00:35.763251,4.2729,4.2746
2025-04-24 20:00:36.526981,4.273,4.2747
2025-04-24 20:00:36.998448,4.2736,4.2753
2025-04-24 20:00:38.345528,4.2732,4.2749
2025-04-24 20:00:39.262900,4.273,4.2747
2025-04-24 20:00:39.749940,4.2733,4.275
2025-04-24 20:00:42.463903,4.2736,4.2753
2025-04-24 20:00:43.208114,4.2732,4.2749
2025-04-24 20:00:43.964968,4.2736,4.2753
2025-04-24 20:00:44.630342,4.2731,4.2748
2025-04-24 20:00:45.182509,4.2734,4.2751
2025-04-24 20:00:45.550880,4.2731,4.2748
2025-04-24 20:00:46.301653,4.2736,4.2753
2025-04-24 20:00:47.064453,4.2731,4.2748
2025-04-24 20:00:47.804939,4.2736,4.2753
2025-04-24 20:00:48.560561,4.2732,4.2749
2025-04-24 20:00:49.476753,4.2736,4.2753
2025-04-24 20:00:50.231183,4.2731,4.2748
2025-04-24 20:00:50.562996,4.2736,4.2753
2025-04-24 20:00:51.289646,4.2735,4.2752
2025-04-24 20:00:52.051436,4.2732,4.2749
2025-04-24 20:00:52.796545,4.2735,4.2752
2025-04-24 20:00:54.297366,4.2736,4.2753
2025-04-24 20:00:55.047871,4.2733,4.275
2025-04-24 20:00:55.795981,4.2736,4.2753
2025-04-24 20:00:56.541224,4.2733,4.275
2025-04-24 20:00:57.285452,4.2736,4.2753
2025-04-24 20:00:58.036730,4.2734,4.2751
2025-04-24 20:00:58.790191,4.2735,4.2752
2025-04-24 20:00:59.550033,4.2742,4.2759
2025-04-24 20:01:00.353811,4.274,4.2757
2025-04-24 20:01:00.950297,4.2737,4.2754
2025-04-24 20:01:01.191566,4.2744,4.2761
2025-04-24 20:01:01.839587,4.2742,4.2759
2025-04-24 20:01:02.249523,4.2739,4.2756
2025-04-24 20:01:02.841274,4.2738,4.2755
2025-04-24 20:01:03.585691,4.2736,4.2753
2025-04-24 20:01:04.668009,4.2743,4.276
2025-04-24 20:01:06.118418,4.2737,4.2754
2025-04-24 20:01:06.920820,4.2741,4.2758
2025-04-24 20:01:07.985702,4.2737,4.2754
2025-04-24 20:01:08.745502,4.2742,4.2759
2025-04-24 20:01:09.937389,4.2738,4.2755
2025-04-24 20:01:10.828121,4.2737,4.2754
2025-04-24 20:01:11.284295,4.2739,4.2756
2025-04-24 20:01:12.381241,4.2743,4.276
2025-04-24 20:01:13.034480,4.2742,4.2759
2025-04-24 20:01:13.554141,4.2739,4.2756
2025-04-24 20:01:14.186383,4.2742,4.2759
2025-04-24 20:01:14.682459,4.2743,4.276
2025-04-24 20:01:15.680268,4.2742,4.2759
2025-04-24 20:01:16.489164,4.274,4.2757
2025-04-24 20:01:16.912795,4.2739,4.2756
2025-04-24 20:01:18.411933,4.2741,4.2758
2025-04-24 20:01:19.038929,4.2738,4.2755
2025-04-24 20:01:19.600902,4.2743,4.276
2025-04-24 20:01:20.915263,4.274,4.2757
2025-04-24 20:01:21.663328,4.2739,4.2756
2025-04-24 20:01:22.259973,4.2742,4.2759
2025-04-24 20:01:23.321403,4.2739,4.2756
2025-04-24 20:01:24.076938,4.2743,4.276
2025-04-24 20:01:24.831342,4.2739,4.2756
2025-04-24 20:01:25.582773,4.2742,4.2759
2025-04-24 20:01:26.347140,4.2739,4.2756
2025-04-24 20:01:27.095333,4.2741,4.2758
2025-04-24 20:01:27.589240,4.2742,4.2759
2025-04-24 20:01:28.336329,4.2739,4.2756
2025-04-24 20:01:29.092360,4.2742,4.2759
2025-04-24 20:01:29.833661,4.2741,4.2758
2025-04-24 20:01:30.587762,4.2743,4.276
2025-04-24 20:01:31.341832,4.2741,4.2758
2025-04-24 20:01:32.090672,4.2742,4.2759
2025-04-24 20:01:33.591801,4.2741,4.2758
2025-04-24 20:01:34.333363,4.2742,4.2759
2025-04-24 20:01:35.085218,4.2741,4.2758
2025-04-24 20:01:35.832717,4.2742,4.2759
2025-04-24 20:01:36.588807,4.2743,4.276
2025-04-24 20:01:38.089244,4.2742,4.2759
2025-04-24 20:01:38.598481,4.2743,4.276
2025-04-24 20:01:40.655634,4.2742,4.2759
2025-04-24 20:01:41.061533,4.2743,4.276
2025-04-24 20:01:42.072308,4.2742,4.2759
2025-04-24 20:01:42.850002,4.2741,4.2758
2025-04-24 20:01:45.208873,4.274,4.2757
2025-04-24 20:01:46.417023,4.2741,4.2758
2025-04-24 20:01:48.225587,4.2743,4.276
2025-04-24 20:01:49.171211,4.2741,4.2758
2025-04-24 20:01:49.623048,4.2742,4.2759
2025-04-24 20:01:50.321991,4.2743,4.276
2025-04-24 20:01:50.731679,4.2742,4.2759
2025-04-24 20:01:52.028880,4.2739,4.2756
2025-04-24 20:01:52.483192,4.2741,4.2758
2025-04-24 20:01:53.718463,4.2743,4.276
2025-04-24 20:01:55.236554,4.2741,4.2758
2025-04-24 20:01:56.196562,4.2743,4.276
2025-04-24 20:01:57.062013,4.2741,4.2758
2025-04-24 20:01:58.025522,4.2743,4.276
2025-04-24 20:01:59.577190,4.2742,4.2759
2025-04-24 20:02:00.266193,4.2741,4.2758
2025-04-24 20:02:01.455844,4.274,4.2757
