timestamp,bid,ask
2025-12-12 18:06:58.994224,1.17471,1.17479
2025-12-12 18:06:59.628775,1.1747,1.17479
2025-12-12 18:06:59.876111,1.17471,1.17479
2025-12-12 18:07:00.339471,1.17469,1.17478
2025-12-12 18:07:02.696572,1.17469,1.17477
2025-12-12 18:07:02.740058,1.17469,1.17478
2025-12-12 18:07:05.086684,1.17468,1.17477
2025-12-12 18:07:06.821582,1.17469,1.17478
2025-12-12 18:07:08.943340,1.17471,1.17479
2025-12-12 18:07:09.419499,1.1747,1.17479
2025-12-12 18:07:10.132509,1.17471,1.17479
2025-12-12 18:07:11.483442,1.1747,1.17479
2025-12-12 18:07:14.892711,1.1747,1.17478
2025-12-12 18:07:15.904125,1.1747,1.17479
2025-12-12 18:07:15.996982,1.17469,1.17478
2025-12-12 18:07:17.479225,1.1747,1.17478
2025-12-12 18:07:19.204082,1.17469,1.17478
2025-12-12 18:07:20.081522,1.17468,1.17478
2025-12-12 18:07:24.434262,1.17467,1.17477
2025-12-12 18:07:24.666212,1.17468,1.17477
2025-12-12 18:07:24.885621,1.17468,1.17476
2025-12-12 18:07:26.047871,1.17465,1.17474
2025-12-12 18:07:26.528218,1.17465,1.17473
2025-12-12 18:07:28.018892,1.17464,1.17473
2025-12-12 18:07:34.571898,1.17463,1.17472
2025-12-12 18:07:34.756636,1.17463,1.17471
2025-12-12 18:07:34.914286,1.17461,1.1747
2025-12-12 18:07:35.142224,1.17458,1.17467
2025-12-12 18:07:35.410242,1.17458,1.17466
2025-12-12 18:07:36.135634,1.17457,1.17466
2025-12-12 18:07:37.623360,1.17458,1.17466
2025-12-12 18:07:40.641035,1.17457,1.17466
2025-12-12 18:07:40.875677,1.17455,1.17463
2025-12-12 18:07:42.076980,1.17454,1.17462
2025-12-12 18:07:43.363213,1.17457,1.17466
2025-12-12 18:07:43.601474,1.17458,1.17466
2025-12-12 18:07:49.873288,1.17459,1.17467
2025-12-12 18:07:51.731959,1.17458,1.17466
2025-12-12 18:07:53.033534,1.17457,1.17466
2025-12-12 18:08:00.705496,1.17453,1.17462
2025-12-12 18:08:03.443514,1.17453,1.17461
2025-12-12 18:08:08.716774,1.17452,1.17461
2025-12-12 18:08:15.310275,1.17453,1.17461
2025-12-12 18:08:16.341123,1.17454,1.17462
2025-12-12 18:08:22.416869,1.17453,1.17462
2025-12-12 18:08:35.375146,1.17452,1.1746
2025-12-12 18:08:36.305502,1.17452,1.17461
2025-12-12 18:08:40.137042,1.17453,1.17461
2025-12-12 18:08:41.640781,1.17453,1.17462
2025-12-12 18:08:43.945284,1.17457,1.17465
2025-12-12 18:08:48.212300,1.17458,1.17466
2025-12-12 18:08:48.739674,1.17457,1.17466
2025-12-12 18:08:50.595581,1.17457,1.17465
2025-12-12 18:08:53.197772,1.17456,1.17465
2025-12-12 18:08:53.665928,1.17458,1.17466
2025-12-12 18:08:54.112154,1.17458,1.17468
2025-12-12 18:08:54.443188,1.1746,1.17468
2025-12-12 18:08:55.162350,1.17457,1.17466
2025-12-12 18:08:56.844031,1.17456,1.17465
2025-12-12 18:08:57.089914,1.17457,1.17466
2025-12-12 18:08:59.440719,1.17454,1.17464
2025-12-12 18:09:00.108742,1.17454,1.17463
2025-12-12 18:09:00.625409,1.17453,1.17462
2025-12-12 18:09:04.377359,1.17452,1.17461
2025-12-12 18:09:09.314243,1.17452,1.1746
2025-12-12 18:09:10.699488,1.17452,1.17461
2025-12-12 18:09:11.271481,1.17452,1.1746
2025-12-12 18:09:11.582493,1.17449,1.17459
2025-12-12 18:09:11.918984,1.17449,1.17458
2025-12-12 18:09:12.196775,1.17448,1.17458
2025-12-12 18:09:13.134353,1.17449,1.17458
2025-12-12 18:09:15.463001,1.17449,1.17457
2025-12-12 18:09:18.361746,1.17448,1.17457
2025-12-12 18:09:20.009954,1.17447,1.17456
2025-12-12 18:09:20.209309,1.17447,1.17455
2025-12-12 18:09:20.997659,1.17447,1.17456
2025-12-12 18:09:22.083799,1.17444,1.17454
2025-12-12 18:09:22.289096,1.17446,1.17455
2025-12-12 18:09:22.782415,1.17447,1.17456
2025-12-12 18:09:23.450813,1.17447,1.17455
2025-12-12 18:09:24.318912,1.17446,1.17455
2025-12-12 18:09:24.741545,1.17447,1.17456
2025-12-12 18:09:25.131055,1.17445,1.17454
2025-12-12 18:09:25.375737,1.17445,1.17453
2025-12-12 18:09:25.515884,1.17444,1.17453
2025-12-12 18:09:26.106192,1.17445,1.17453
2025-12-12 18:09:26.726706,1.17444,1.17453
2025-12-12 18:09:28.873312,1.17442,1.17452
2025-12-12 18:09:29.596827,1.17443,1.17452
2025-12-12 18:09:30.912764,1.17443,1.17451
2025-12-12 18:09:31.346439,1.17443,1.17452
2025-12-12 18:09:31.891046,1.17443,1.17451
2025-12-12 18:09:36.904394,1.17444,1.17452
2025-12-12 18:09:37.200366,1.17446,1.17455
2025-12-12 18:09:38.421059,1.17444,1.17453
2025-12-12 18:09:39.133599,1.17445,1.17454
2025-12-12 18:09:40.262201,1.17444,1.17454
2025-12-12 18:09:40.775762,1.17443,1.17453
2025-12-12 18:09:42.000615,1.17442,1.17451
2025-12-12 18:09:42.368542,1.17443,1.17451
2025-12-12 18:09:42.907941,1.17443,1.17452
2025-12-12 18:09:43.186902,1.17444,1.17453
2025-12-12 18:09:43.853773,1.17443,1.17452
2025-12-12 18:09:44.267072,1.17444,1.17452
2025-12-12 18:09:44.566615,1.17443,1.17452
2025-12-12 18:09:45.328233,1.17443,1.17453
2025-12-12 18:09:48.428880,1.17446,1.17454
2025-12-12 18:09:55.707820,1.17445,1.17454
2025-12-12 18:09:58.775707,1.17446,1.17454
2025-12-12 18:09:59.148050,1.17445,1.17453
2025-12-12 18:09:59.717153,1.17444,1.17453
2025-12-12 18:09:59.949341,1.17447,1.17455
2025-12-12 18:10:00.491189,1.17445,1.17454
2025-12-12 18:10:00.939053,1.17446,1.17455
2025-12-12 18:10:03.917760,1.17447,1.17455
2025-12-12 18:10:05.133030,1.17448,1.17456
2025-12-12 18:10:07.251410,1.17447,1.17456
2025-12-12 18:10:12.411670,1.17448,1.17456
2025-12-12 18:10:14.314481,1.17447,1.17456
2025-12-12 18:10:16.527568,1.17448,1.17456
2025-12-12 18:10:17.707930,1.17445,1.17454
2025-12-12 18:10:18.429634,1.17446,1.17455
2025-12-12 18:10:18.865996,1.17446,1.17454
2025-12-12 18:10:22.753932,1.17445,1.17453
2025-12-12 18:10:25.340584,1.17446,1.17455
2025-12-12 18:10:25.555464,1.17446,1.17454
2025-12-12 18:10:25.680331,1.17445,1.17453
2025-12-12 18:10:26.127954,1.17444,1.17453
2025-12-12 18:10:27.542102,1.17443,1.17452
2025-12-12 18:10:28.588194,1.17444,1.17452
2025-12-12 18:10:29.086742,1.17443,1.17452
2025-12-12 18:10:30.149533,1.17444,1.17452
2025-12-12 18:10:30.417117,1.17446,1.17454
2025-12-12 18:10:30.914527,1.17445,1.17453
2025-12-12 18:10:31.267721,1.17444,1.17453
2025-12-12 18:10:35.017304,1.17446,1.17455
2025-12-12 18:10:35.390040,1.17446,1.17454
2025-12-12 18:10:35.668857,1.17445,1.17454
2025-12-12 18:10:37.398092,1.17446,1.17455
2025-12-12 18:10:40.042507,1.17446,1.17454
2025-12-12 18:10:40.325461,1.17449,1.17457
2025-12-12 18:10:40.897103,1.1745,1.17458
2025-12-12 18:10:41.407533,1.17448,1.17457
2025-12-12 18:10:44.076537,1.17449,1.17457
2025-12-12 18:10:45.545014,1.17449,1.17458
2025-12-12 18:10:47.831397,1.17449,1.17457
2025-12-12 18:10:48.293986,1.17448,1.17457
2025-12-12 18:10:49.345708,1.17447,1.17457
2025-12-12 18:10:49.711696,1.17448,1.17457
2025-12-12 18:10:50.007971,1.17448,1.17456
2025-12-12 18:10:52.367420,1.17449,1.17457
2025-12-12 18:10:53.979233,1.1745,1.17458
2025-12-12 18:10:54.215147,1.17451,1.1746
2025-12-12 18:10:54.473820,1.17452,1.1746
2025-12-12 18:10:54.615813,1.17451,1.17459
2025-12-12 18:10:55.406945,1.1745,1.17458
2025-12-12 18:10:55.915090,1.17451,1.17459
2025-12-12 18:10:59.069466,1.1745,1.17459
2025-12-12 18:11:07.869101,1.1745,1.17458
2025-12-12 18:11:09.388330,1.1745,1.17459
2025-12-12 18:11:09.731826,1.17452,1.1746
2025-12-12 18:11:11.018396,1.1745,1.1746
2025-12-12 18:11:14.187213,1.17449,1.17458
2025-12-12 18:11:15.905098,1.1745,1.17458
2025-12-12 18:11:16.773872,1.1745,1.17459
2025-12-12 18:11:19.623522,1.17449,1.17458
2025-12-12 18:11:21.955115,1.1745,1.17458
2025-12-12 18:11:23.971032,1.17449,1.17458
2025-12-12 18:11:24.126722,1.1745,1.17458
2025-12-12 18:11:28.099041,1.17451,1.17459
2025-12-12 18:11:29.803182,1.17453,1.17462
2025-12-12 18:11:29.980099,1.17454,1.17462
2025-12-12 18:11:30.585666,1.17453,1.17462
2025-12-12 18:11:31.147007,1.1745,1.17459
2025-12-12 18:11:33.650880,1.1745,1.17458
2025-12-12 18:11:35.810559,1.17451,1.17459
2025-12-12 18:11:36.367160,1.1745,1.17459
2025-12-12 18:11:39.031394,1.17451,1.17459
2025-12-12 18:11:39.726563,1.17451,1.1746
2025-12-12 18:11:40.171676,1.17452,1.1746
2025-12-12 18:11:41.644351,1.17451,1.1746
2025-12-12 18:11:42.920594,1.17451,1.17459
2025-12-12 18:11:46.796807,1.17451,1.1746
2025-12-12 18:11:53.504117,1.17452,1.1746
2025-12-12 18:11:53.801056,1.17451,1.1746
2025-12-12 18:11:57.957706,1.17452,1.17461
2025-12-12 18:11:58.177205,1.17452,1.1746
2025-12-12 18:11:58.395373,1.17451,1.1746
2025-12-12 18:12:00.064642,1.17452,1.17461
2025-12-12 18:12:00.249799,1.17451,1.1746
2025-12-12 18:12:00.513269,1.17452,1.17461
2025-12-12 18:12:01.255183,1.17454,1.17463
2025-12-12 18:12:01.346964,1.17455,1.17465
2025-12-12 18:12:01.469474,1.17456,1.17464
2025-12-12 18:12:02.348657,1.17457,1.17465
2025-12-12 18:12:02.832018,1.17455,1.17464
2025-12-12 18:12:03.191973,1.1745,1.1746
2025-12-12 18:12:03.762003,1.17451,1.1746
2025-12-12 18:12:05.941910,1.17455,1.17464
2025-12-12 18:12:06.679021,1.17453,1.17462
2025-12-12 18:12:07.671995,1.17454,1.17463
2025-12-12 18:12:08.231497,1.17454,1.17464
2025-12-12 18:12:08.479141,1.17456,1.17465
2025-12-12 18:12:08.700300,1.17455,1.17464
2025-12-12 18:12:09.128441,1.17456,1.17465
2025-12-12 18:12:09.375304,1.17457,1.17465
2025-12-12 18:12:09.571037,1.17456,1.17465
2025-12-12 18:12:09.976830,1.17456,1.17464
2025-12-12 18:12:10.255099,1.17456,1.17465
2025-12-12 18:12:11.663699,1.17457,1.17465
2025-12-12 18:12:12.338431,1.17456,1.17465
2025-12-12 18:12:13.236956,1.17457,1.17467
2025-12-12 18:12:13.760399,1.17457,1.17466
2025-12-12 18:12:13.983543,1.17458,1.17467
2025-12-12 18:12:14.102670,1.1746,1.17469
2025-12-12 18:12:14.549483,1.17462,1.1747
2025-12-12 18:12:14.766051,1.17459,1.17467
2025-12-12 18:12:14.967046,1.17457,1.17466
2025-12-12 18:12:15.416168,1.17459,1.17468
2025-12-12 18:12:15.591122,1.17458,1.17467
2025-12-12 18:12:15.834604,1.17459,1.17468
2025-12-12 18:12:17.564443,1.1746,1.17469
2025-12-12 18:12:19.342149,1.17459,1.17468
2025-12-12 18:12:20.535820,1.17458,1.17467
2025-12-12 18:12:21.197004,1.17458,1.17468
2025-12-12 18:12:21.899233,1.17462,1.17471
2025-12-12 18:12:22.342735,1.17462,1.1747
2025-12-12 18:12:22.577459,1.17461,1.1747
2025-12-12 18:12:22.706223,1.17462,1.1747
2025-12-12 18:12:23.148843,1.17461,1.1747
2025-12-12 18:12:24.157165,1.17462,1.1747
2025-12-12 18:12:24.388314,1.17463,1.17471
2025-12-12 18:12:24.589787,1.17464,1.17473
2025-12-12 18:12:24.717242,1.17463,1.17472
2025-12-12 18:12:25.066307,1.17464,1.17472
2025-12-12 18:12:25.511608,1.17462,1.17471
2025-12-12 18:12:29.199729,1.17464,1.17472
2025-12-12 18:12:31.731071,1.17469,1.17477
2025-12-12 18:12:31.837708,1.1747,1.17478
2025-12-12 18:12:32.406956,1.17472,1.1748
2025-12-12 18:12:32.780495,1.1747,1.17479
2025-12-12 18:12:33.335575,1.1747,1.17478
2025-12-12 18:12:33.568195,1.17469,1.17478
2025-12-12 18:12:34.280345,1.17468,1.17476
2025-12-12 18:12:36.136703,1.17466,1.17475
2025-12-12 18:12:40.553950,1.17465,1.17474
2025-12-12 18:12:41.071819,1.17466,1.17474
2025-12-12 18:12:43.866107,1.17466,1.17475
2025-12-12 18:12:45.309768,1.17465,1.17474
2025-12-12 18:12:45.876553,1.17466,1.17474
2025-12-12 18:12:48.511395,1.17465,1.17475
2025-12-12 18:12:49.523850,1.17465,1.17474
2025-12-12 18:12:52.600452,1.17462,1.17472
2025-12-12 18:12:52.850414,1.17462,1.17471
2025-12-12 18:12:55.762328,1.17461,1.1747
2025-12-12 18:12:56.613068,1.17461,1.17469
2025-12-12 18:12:57.222399,1.1746,1.17469
2025-12-12 18:12:57.470681,1.17459,1.17469
2025-12-12 18:12:57.717077,1.1746,1.17469
2025-12-12 18:12:58.525036,1.17461,1.17469
2025-12-12 18:12:59.499323,1.1746,1.17469
2025-12-12 18:12:59.745461,1.17456,1.17464
2025-12-12 18:13:00.407764,1.17452,1.17461
2025-12-12 18:13:01.580476,1.17453,1.17462
2025-12-12 18:13:02.032389,1.17454,1.17462
2025-12-12 18:13:02.588767,1.17454,1.17463
2025-12-12 18:13:03.252401,1.17454,1.17462
2025-12-12 18:13:03.718729,1.17455,1.17464
2025-12-12 18:13:05.354245,1.17454,1.17463
2025-12-12 18:13:06.855275,1.17451,1.17461
2025-12-12 18:13:07.274051,1.17449,1.17457
2025-12-12 18:13:07.827537,1.17449,1.17458
2025-12-12 18:13:08.509072,1.17449,1.17457
2025-12-12 18:13:14.607404,1.17448,1.17457
2025-12-12 18:13:14.833507,1.17448,1.17456
2025-12-12 18:13:16.435734,1.17445,1.17453
2025-12-12 18:13:16.907833,1.17444,1.17453
2025-12-12 18:13:17.536940,1.17443,1.17452
2025-12-12 18:13:17.814352,1.17444,1.17452
2025-12-12 18:13:18.862292,1.17445,1.17453
2025-12-12 18:13:19.792629,1.17444,1.17453
2025-12-12 18:13:19.986856,1.17445,1.17453
2025-12-12 18:13:20.233289,1.17444,1.17452
2025-12-12 18:13:20.668527,1.17443,1.17452
2025-12-12 18:13:22.741968,1.17444,1.17452
2025-12-12 18:13:23.532537,1.17443,1.17452
2025-12-12 18:13:25.176523,1.17444,1.17452
2025-12-12 18:13:26.234602,1.17444,1.17453
2025-12-12 18:13:26.495278,1.17444,1.17452
2025-12-12 18:13:26.837821,1.17443,1.17452
2025-12-12 18:13:28.310055,1.17444,1.17452
2025-12-12 18:13:28.788418,1.17443,1.17452
2025-12-12 18:13:30.347700,1.17444,1.17452
2025-12-12 18:13:30.545049,1.17443,1.17452
2025-12-12 18:13:31.295434,1.17444,1.17452
2025-12-12 18:13:31.531435,1.17443,1.17452
2025-12-12 18:13:34.091409,1.17443,1.17451
2025-12-12 18:13:34.619463,1.17443,1.17452
2025-12-12 18:13:47.787346,1.17444,1.17452
2025-12-12 18:13:54.627170,1.17444,1.17453
2025-12-12 18:13:55.679928,1.17443,1.17452
2025-12-12 18:13:56.102914,1.17445,1.17453
2025-12-12 18:13:57.979820,1.17447,1.17455
2025-12-12 18:13:58.381468,1.17447,1.17456
2025-12-12 18:14:00.259227,1.17447,1.17455
2025-12-12 18:14:02.031637,1.17446,1.17454
2025-12-12 18:14:02.478284,1.17445,1.17453
2025-12-12 18:14:02.990930,1.17445,1.17454
2025-12-12 18:14:04.734552,1.17447,1.17455
2025-12-12 18:14:05.260363,1.17448,1.17457
2025-12-12 18:14:07.066641,1.17449,1.17457
2025-12-12 18:14:08.706378,1.17448,1.17457
2025-12-12 18:14:17.690776,1.17449,1.17457
2025-12-12 18:14:18.000095,1.17449,1.17458
2025-12-12 18:14:21.705286,1.17448,1.17457
2025-12-12 18:14:28.850779,1.17449,1.17457
2025-12-12 18:14:32.666036,1.17449,1.17458
2025-12-12 18:14:32.910549,1.17459,1.17468
2025-12-12 18:14:33.225438,1.1746,1.17469
2025-12-12 18:14:33.332629,1.17463,1.17472
2025-12-12 18:14:33.784809,1.17462,1.1747
2025-12-12 18:14:34.590185,1.1746,1.17468
2025-12-12 18:14:34.805958,1.1746,1.17469
2025-12-12 18:14:35.286860,1.17461,1.17469
2025-12-12 18:14:38.757486,1.1746,1.17469
2025-12-12 18:14:39.343479,1.1746,1.17468
2025-12-12 18:14:39.781401,1.17459,1.17467
2025-12-12 18:14:40.209990,1.17459,1.17468
2025-12-12 18:14:45.605605,1.17459,1.17467
2025-12-12 18:14:46.364938,1.17459,1.17468
2025-12-12 18:14:49.098463,1.17461,1.17469
2025-12-12 18:14:49.793908,1.17459,1.17469
2025-12-12 18:14:53.142391,1.17461,1.17469
2025-12-12 18:14:53.610074,1.17462,1.1747
2025-12-12 18:14:54.118237,1.1746,1.17469
2025-12-12 18:14:56.612328,1.17462,1.1747
2025-12-12 18:14:58.887852,1.17461,1.17469
2025-12-12 18:15:00.079376,1.17462,1.1747
2025-12-12 18:15:00.294961,1.17461,1.17469
2025-12-12 18:15:02.696911,1.17462,1.1747
2025-12-12 18:15:03.473273,1.17462,1.17471
2025-12-12 18:15:03.781632,1.17463,1.17473
2025-12-12 18:15:04.425470,1.17467,1.17475
2025-12-12 18:15:05.000363,1.17466,1.17475
2025-12-12 18:15:05.046349,1.17466,1.17474
2025-12-12 18:15:05.246147,1.17467,1.17475
2025-12-12 18:15:06.119826,1.17467,1.17477
2025-12-12 18:15:06.646378,1.17465,1.17473
2025-12-12 18:15:07.762691,1.17466,1.17474
2025-12-12 18:15:09.632721,1.17465,1.17474
2025-12-12 18:15:09.942778,1.17466,1.17474
2025-12-12 18:15:10.113232,1.17466,1.17475
2025-12-12 18:15:10.575628,1.17462,1.17471
2025-12-12 18:15:11.798460,1.17463,1.17471
2025-12-12 18:15:14.632545,1.17462,1.1747
2025-12-12 18:15:14.925777,1.17462,1.17471
2025-12-12 18:15:16.382709,1.17463,1.17471
2025-12-12 18:15:16.907860,1.17462,1.1747
2025-12-12 18:15:17.594043,1.17463,1.17471
2025-12-12 18:15:19.663976,1.17462,1.1747
2025-12-12 18:15:20.577335,1.17463,1.17471
2025-12-12 18:15:23.728440,1.17462,1.1747
2025-12-12 18:15:24.657560,1.17463,1.17471
2025-12-12 18:15:33.890057,1.1746,1.17468
2025-12-12 18:15:34.091154,1.17458,1.17466
2025-12-12 18:15:34.592007,1.17459,1.17467
2025-12-12 18:15:35.143100,1.1746,1.17468
2025-12-12 18:15:35.594441,1.17459,1.17467
2025-12-12 18:15:36.091799,1.1746,1.17468
2025-12-12 18:15:36.824785,1.17461,1.17469
2025-12-12 18:15:38.952937,1.17463,1.17471
2025-12-12 18:15:39.392488,1.17462,1.1747
2025-12-12 18:15:39.823794,1.17463,1.17471
2025-12-12 18:15:43.949139,1.17465,1.17473
2025-12-12 18:15:48.532598,1.17466,1.17474
2025-12-12 18:15:51.134260,1.17466,1.17475
2025-12-12 18:15:51.402671,1.17466,1.17474
2025-12-12 18:15:54.601015,1.17467,1.17475
2025-12-12 18:16:04.282506,1.17466,1.17474
2025-12-12 18:16:07.825384,1.17465,1.17474
2025-12-12 18:16:08.054302,1.17468,1.17477
2025-12-12 18:16:08.802661,1.17467,1.17476
2025-12-12 18:16:09.017259,1.17468,1.17478
2025-12-12 18:16:09.671886,1.17469,1.17478
2025-12-12 18:16:10.162868,1.17468,1.17477
2025-12-12 18:16:11.143299,1.17469,1.17478
2025-12-12 18:16:17.465508,1.17466,1.17475
2025-12-12 18:16:18.244227,1.17467,1.17477
2025-12-12 18:16:19.442777,1.17467,1.17476
2025-12-12 18:16:20.857528,1.17467,1.17477
2025-12-12 18:16:21.869075,1.17467,1.17476
2025-12-12 18:16:22.366360,1.17467,1.17475
2025-12-12 18:16:24.234478,1.17467,1.17477
2025-12-12 18:16:25.682455,1.17467,1.17476
2025-12-12 18:16:30.684923,1.17468,1.17476
2025-12-12 18:16:30.960198,1.1747,1.17478
2025-12-12 18:16:38.204515,1.17471,1.17479
2025-12-12 18:16:49.721876,1.1747,1.17478
2025-12-12 18:17:14.361105,1.17471,1.17479
2025-12-12 18:17:15.739823,1.1747,1.17478
2025-12-12 18:17:21.519493,1.17471,1.1748
2025-12-12 18:17:21.909021,1.17472,1.17481
2025-12-12 18:17:22.126644,1.17474,1.17482
2025-12-12 18:17:22.671991,1.17473,1.17481
2025-12-12 18:17:23.955271,1.17474,1.17482
2025-12-12 18:17:28.015766,1.17473,1.17481
2025-12-12 18:17:29.732741,1.17471,1.17479
2025-12-12 18:17:30.151071,1.17469,1.17478
2025-12-12 18:17:34.663119,1.1747,1.17478
2025-12-12 18:17:35.048154,1.17469,1.17478
2025-12-12 18:17:35.826035,1.17469,1.17477
2025-12-12 18:17:36.105040,1.17469,1.17478
2025-12-12 18:17:37.700816,1.1747,1.17479
2025-12-12 18:17:38.019537,1.17471,1.17479
2025-12-12 18:17:40.278743,1.17473,1.17482
2025-12-12 18:17:40.319977,1.17474,1.17483
2025-12-12 18:17:40.770748,1.17476,1.17484
2025-12-12 18:17:41.778385,1.17475,1.17484
2025-12-12 18:17:43.578501,1.17475,1.17483
2025-12-12 18:17:44.099044,1.17475,1.17484
2025-12-12 18:17:44.285919,1.17475,1.17483
2025-12-12 18:17:46.958692,1.17475,1.17484
2025-12-12 18:17:47.356693,1.17476,1.17484
2025-12-12 18:17:47.591560,1.17475,1.17484
2025-12-12 18:17:47.874549,1.17476,1.17484
2025-12-12 18:17:48.383678,1.17475,1.17484
2025-12-12 18:17:49.791919,1.17478,1.17486
2025-12-12 18:17:50.149298,1.17477,1.17485
2025-12-12 18:17:51.113224,1.17477,1.17486
2025-12-12 18:17:51.760533,1.17477,1.17485
2025-12-12 18:17:53.402294,1.17476,1.17484
2025-12-12 18:17:55.169972,1.17475,1.17483
2025-12-12 18:17:55.309405,1.17475,1.17484
2025-12-12 18:17:57.066146,1.17475,1.17483
2025-12-12 18:17:57.294916,1.17475,1.17484
2025-12-12 18:17:58.207909,1.17475,1.17483
2025-12-12 18:17:58.485496,1.17475,1.17484
2025-12-12 18:17:58.746717,1.17475,1.17483
2025-12-12 18:17:59.803951,1.17475,1.17484
2025-12-12 18:18:00.034048,1.17476,1.17485
2025-12-12 18:18:01.244375,1.17477,1.17485
2025-12-12 18:18:02.909867,1.17476,1.17485
2025-12-12 18:18:03.483056,1.17476,1.17484
2025-12-12 18:18:08.631618,1.17474,1.17483
2025-12-12 18:18:09.128708,1.17476,1.17484
2025-12-12 18:18:09.376571,1.17475,1.17484
2025-12-12 18:18:09.858583,1.17476,1.17484
2025-12-12 18:18:10.777448,1.17475,1.17484
2025-12-12 18:18:12.373327,1.17476,1.17484
2025-12-12 18:18:14.057456,1.17474,1.17482
2025-12-12 18:18:14.305137,1.17473,1.17482
2025-12-12 18:18:14.487601,1.17474,1.17483
2025-12-12 18:18:15.446601,1.17474,1.17482
2025-12-12 18:18:16.733586,1.17474,1.17483
2025-12-12 18:18:17.460300,1.17476,1.17485
2025-12-12 18:18:26.420967,1.17476,1.17484
2025-12-12 18:18:27.146945,1.17476,1.17485
2025-12-12 18:18:27.377464,1.17476,1.17484
2025-12-12 18:18:28.247830,1.17476,1.17485
2025-12-12 18:18:29.679898,1.17476,1.17484
2025-12-12 18:18:34.484586,1.17476,1.17485
2025-12-12 18:18:36.665731,1.17475,1.17483
2025-12-12 18:18:40.594474,1.17474,1.17483
2025-12-12 18:18:47.060219,1.17475,1.17484
2025-12-12 18:18:47.913191,1.17476,1.17484
2025-12-12 18:18:49.817557,1.17475,1.17484
2025-12-12 18:18:51.068624,1.17476,1.17485
2025-12-12 18:18:52.169066,1.17476,1.17484
2025-12-12 18:18:52.802998,1.17478,1.17487
2025-12-12 18:18:58.057485,1.17478,1.17486
2025-12-12 18:19:04.944202,1.17476,1.17484
2025-12-12 18:19:05.177037,1.17475,1.17484
2025-12-12 18:19:05.748569,1.17475,1.17483
2025-12-12 18:19:14.271979,1.17473,1.17481
2025-12-12 18:19:15.833758,1.17474,1.17482
2025-12-12 18:19:16.846313,1.17472,1.17481
2025-12-12 18:19:18.013176,1.17474,1.17482
2025-12-12 18:19:25.251027,1.17473,1.17482
2025-12-12 18:19:26.268826,1.17473,1.17481
2025-12-12 18:19:27.866215,1.17473,1.17482
2025-12-12 18:19:29.645724,1.17474,1.17482
2025-12-12 18:19:31.323520,1.17473,1.17481
2025-12-12 18:19:31.801730,1.17473,1.17482
2025-12-12 18:19:33.585651,1.17473,1.17481
2025-12-12 18:19:33.786662,1.17471,1.1748
2025-12-12 18:19:34.001657,1.17472,1.1748
2025-12-12 18:19:34.374754,1.17473,1.17481
2025-12-12 18:19:35.322308,1.17472,1.17481
2025-12-12 18:19:36.681690,1.1747,1.17478
2025-12-12 18:19:37.655320,1.17469,1.17478
2025-12-12 18:19:38.570095,1.17469,1.17477
2025-12-12 18:19:38.855411,1.1747,1.17478
2025-12-12 18:19:39.831163,1.17469,1.17478
2025-12-12 18:19:45.303849,1.1747,1.17478
2025-12-12 18:19:53.234969,1.17473,1.17481
2025-12-12 18:19:59.469365,1.17471,1.17479
2025-12-12 18:20:00.166848,1.1747,1.17478
2025-12-12 18:20:14.168259,1.17467,1.17475
2025-12-12 18:20:14.413199,1.17468,1.17476
2025-12-12 18:20:14.850959,1.17467,1.17475
2025-12-12 18:20:15.469675,1.17466,1.17475
2025-12-12 18:20:15.933594,1.17468,1.17476
2025-12-12 18:20:16.926284,1.17467,1.17476
2025-12-12 18:20:21.303922,1.17468,1.17476
2025-12-12 18:20:23.503622,1.17465,1.17473
2025-12-12 18:20:24.050329,1.17461,1.17469
2025-12-12 18:20:24.204700,1.1746,1.17468
2025-12-12 18:20:25.281573,1.17462,1.1747
2025-12-12 18:20:25.681415,1.17461,1.1747
2025-12-12 18:20:26.281010,1.17461,1.17469
2025-12-12 18:20:28.099328,1.17461,1.1747
2025-12-12 18:20:28.961983,1.17463,1.17471
2025-12-12 18:20:30.398272,1.17467,1.17475
2025-12-12 18:20:30.956336,1.17468,1.17476
2025-12-12 18:20:31.578620,1.17469,1.17477
2025-12-12 18:20:33.946182,1.17468,1.17476
2025-12-12 18:20:34.160959,1.17467,1.17475
2025-12-12 18:20:36.719095,1.17468,1.17476
2025-12-12 18:20:41.056588,1.17467,1.17475
2025-12-12 18:20:45.335852,1.17469,1.17478
2025-12-12 18:20:45.430180,1.17469,1.17477
2025-12-12 18:20:47.951475,1.17468,1.17476
2025-12-12 18:20:49.853123,1.17469,1.17477
2025-12-12 18:20:50.224355,1.17468,1.17476
2025-12-12 18:20:50.733433,1.17469,1.17477
2025-12-12 18:20:51.892421,1.17467,1.17475
2025-12-12 18:20:54.756936,1.17466,1.17475
2025-12-12 18:20:55.437209,1.17467,1.17475
2025-12-12 18:20:58.940948,1.17469,1.17478
2025-12-12 18:21:00.013092,1.17469,1.17477
2025-12-12 18:21:04.178667,1.17469,1.17478
2025-12-12 18:21:05.267219,1.17471,1.17479
2025-12-12 18:21:05.709141,1.1747,1.17478
2025-12-12 18:21:08.253673,1.17472,1.1748
2025-12-12 18:21:08.670983,1.17473,1.17481
2025-12-12 18:21:14.279295,1.17472,1.1748
2025-12-12 18:21:14.578398,1.17471,1.1748
2025-12-12 18:21:14.794905,1.17472,1.1748
2025-12-12 18:21:20.794252,1.17471,1.1748
2025-12-12 18:21:22.279955,1.17468,1.17476
2025-12-12 18:21:23.538947,1.17467,1.17476
2025-12-12 18:21:23.625555,1.17468,1.17477
2025-12-12 18:21:28.875398,1.17469,1.17477
2025-12-12 18:21:30.319891,1.17468,1.17476
2025-12-12 18:21:33.765525,1.17464,1.17472
2025-12-12 18:21:33.998750,1.17464,1.17473
2025-12-12 18:21:35.690509,1.17465,1.17473
2025-12-12 18:21:37.938194,1.17464,1.17473
2025-12-12 18:21:38.232123,1.17465,1.17473
2025-12-12 18:21:44.742567,1.17466,1.17475
2025-12-12 18:21:45.105450,1.17466,1.17474
2025-12-12 18:21:46.140072,1.17466,1.17475
2025-12-12 18:21:46.416504,1.17467,1.17475
2025-12-12 18:21:48.881242,1.17465,1.17473
2025-12-12 18:21:49.395243,1.17466,1.17474
2025-12-12 18:21:49.926556,1.17466,1.17475
2025-12-12 18:21:51.696198,1.17466,1.17474
2025-12-12 18:21:52.528395,1.17465,1.17473
2025-12-12 18:21:54.509825,1.17464,1.17472
2025-12-12 18:21:54.751498,1.17461,1.17469
2025-12-12 18:21:55.069593,1.17463,1.17471
2025-12-12 18:21:55.299062,1.1746,1.17469
2025-12-12 18:21:57.193511,1.17459,1.17467
2025-12-12 18:21:59.873655,1.1746,1.17468
2025-12-12 18:22:01.316313,1.17459,1.17468
2025-12-12 18:22:04.583694,1.1746,1.17468
2025-12-12 18:22:07.223350,1.17459,1.17467
2025-12-12 18:22:07.379080,1.17458,1.17466
2025-12-12 18:22:07.673201,1.17456,1.17464
2025-12-12 18:22:07.827351,1.17455,1.17463
2025-12-12 18:22:08.956249,1.17456,1.17464
2025-12-12 18:22:09.215447,1.17457,1.17465
2025-12-12 18:22:09.803932,1.17458,1.17466
2025-12-12 18:22:10.598397,1.17463,1.17471
2025-12-12 18:22:10.798515,1.17464,1.17472
2025-12-12 18:22:15.713423,1.17463,1.17472
2025-12-12 18:22:15.973998,1.17463,1.17471
2025-12-12 18:22:16.424973,1.17463,1.17472
2025-12-12 18:22:16.702570,1.17464,1.17472
2025-12-12 18:22:17.511094,1.17463,1.17472
2025-12-12 18:22:18.129206,1.17463,1.17471
2025-12-12 18:22:18.886871,1.17463,1.17472
2025-12-12 18:22:19.304232,1.17465,1.17473
2025-12-12 18:22:22.607682,1.17463,1.17471
2025-12-12 18:22:22.717613,1.17462,1.1747
2025-12-12 18:22:23.168382,1.17463,1.17472
2025-12-12 18:22:23.415558,1.17463,1.17471
2025-12-12 18:22:23.744145,1.17462,1.17471
2025-12-12 18:22:28.288368,1.17463,1.17471
2025-12-12 18:22:29.883859,1.17463,1.17472
2025-12-12 18:22:30.175466,1.17464,1.17472
2025-12-12 18:22:31.795020,1.17465,1.17473
2025-12-12 18:22:32.549035,1.17464,1.17472
2025-12-12 18:22:32.859198,1.17465,1.17473
2025-12-12 18:22:33.418741,1.17464,1.17472
2025-12-12 18:22:33.666032,1.17465,1.17473
2025-12-12 18:22:36.516013,1.17464,1.17472
2025-12-12 18:22:41.517060,1.17463,1.17472
2025-12-12 18:22:42.038008,1.17463,1.17471
2025-12-12 18:22:42.364479,1.17463,1.17472
2025-12-12 18:22:46.586383,1.17463,1.17471
2025-12-12 18:22:47.433159,1.17462,1.17471
2025-12-12 18:22:51.556595,1.17463,1.17471
2025-12-12 18:22:51.753340,1.17463,1.17472
2025-12-12 18:22:53.214564,1.17463,1.17471
2025-12-12 18:22:54.612238,1.17463,1.17472
2025-12-12 18:22:55.802978,1.17463,1.17471
2025-12-12 18:22:58.392577,1.17462,1.17471
2025-12-12 18:22:59.036235,1.17462,1.1747
2025-12-12 18:23:00.631690,1.17462,1.17471
2025-12-12 18:23:01.709190,1.1746,1.17468
2025-12-12 18:23:03.970719,1.17461,1.17469
2025-12-12 18:23:04.239185,1.17462,1.1747
2025-12-12 18:23:04.565454,1.17465,1.17473
2025-12-12 18:23:05.257766,1.17464,1.17473
2025-12-12 18:23:07.316528,1.17463,1.17472
2025-12-12 18:23:08.631108,1.17463,1.17471
2025-12-12 18:23:10.178396,1.17463,1.17472
2025-12-12 18:23:10.441743,1.17464,1.17472
2025-12-12 18:23:10.833638,1.17463,1.17472
2025-12-12 18:23:11.206000,1.17464,1.17474
2025-12-12 18:23:11.467213,1.17465,1.17474
2025-12-12 18:23:11.977371,1.17467,1.17475
2025-12-12 18:23:12.944333,1.17468,1.17476
2025-12-12 18:23:13.856816,1.17469,1.17477
2025-12-12 18:23:14.179907,1.17469,1.17478
2025-12-12 18:23:16.273501,1.17468,1.17476
2025-12-12 18:23:16.820562,1.17468,1.17477
2025-12-12 18:23:19.596060,1.17468,1.17476
2025-12-12 18:23:20.676424,1.17468,1.17477
2025-12-12 18:23:24.587638,1.17469,1.17477
2025-12-12 18:23:27.900783,1.17468,1.17476
2025-12-12 18:23:33.752232,1.17465,1.17473
2025-12-12 18:23:34.760860,1.17463,1.17471
2025-12-12 18:23:35.307104,1.17464,1.17472
2025-12-12 18:23:35.655299,1.17463,1.17471
2025-12-12 18:23:35.926444,1.17461,1.1747
2025-12-12 18:23:37.778611,1.17463,1.17471
2025-12-12 18:23:38.046909,1.17464,1.17472
2025-12-12 18:23:38.523467,1.17463,1.17472
2025-12-12 18:23:39.233147,1.17463,1.17471
2025-12-12 18:23:39.596584,1.17464,1.17472
2025-12-12 18:23:41.229273,1.17463,1.17472
2025-12-12 18:23:41.675412,1.17463,1.17471
2025-12-12 18:23:42.681318,1.17464,1.17472
2025-12-12 18:23:47.094269,1.17463,1.17472
2025-12-12 18:23:47.901953,1.17462,1.17471
2025-12-12 18:23:47.962170,1.17462,1.1747
2025-12-12 18:23:48.832782,1.17463,1.17471
2025-12-12 18:23:49.179067,1.17462,1.1747
2025-12-12 18:23:49.505537,1.17461,1.17469
2025-12-12 18:23:49.784303,1.17462,1.1747
2025-12-12 18:23:51.132372,1.17463,1.17472
2025-12-12 18:23:51.429852,1.17464,1.17472
2025-12-12 18:23:53.039222,1.17464,1.17473
2025-12-12 18:23:57.417875,1.17464,1.17472
2025-12-12 18:23:59.994360,1.17464,1.17473
2025-12-12 18:24:00.276078,1.17466,1.17474
2025-12-12 18:24:00.411124,1.17467,1.17475
2025-12-12 18:24:01.061394,1.17466,1.17474
2025-12-12 18:24:01.474466,1.17467,1.17475
2025-12-12 18:24:01.833588,1.17468,1.17476
2025-12-12 18:24:02.340110,1.1747,1.17479
2025-12-12 18:24:02.543754,1.17469,1.17478
2025-12-12 18:24:02.819694,1.1747,1.17479
2025-12-12 18:24:03.326390,1.1747,1.17478
2025-12-12 18:24:03.890509,1.17469,1.17478
2025-12-12 18:24:07.979771,1.17469,1.17477
2025-12-12 18:24:09.596807,1.1747,1.17478
2025-12-12 18:24:13.466738,1.17469,1.17478
2025-12-12 18:24:13.682048,1.1747,1.17478
2025-12-12 18:24:16.981170,1.17469,1.17477
2025-12-12 18:24:17.989686,1.17469,1.17478
2025-12-12 18:24:19.231387,1.17468,1.17477
2025-12-12 18:24:21.892322,1.17469,1.17477
2025-12-12 18:24:24.061000,1.17468,1.17477
2025-12-12 18:24:24.311627,1.17469,1.17477
2025-12-12 18:24:24.534209,1.17468,1.17476
2025-12-12 18:24:25.079098,1.17469,1.17477
2025-12-12 18:24:25.254453,1.17468,1.17476
2025-12-12 18:24:27.824447,1.17467,1.17475
2025-12-12 18:24:28.585113,1.17468,1.17476
2025-12-12 18:24:28.872124,1.17467,1.17475
2025-12-12 18:24:29.069071,1.17468,1.17476
2025-12-12 18:24:29.624476,1.17467,1.17475
2025-12-12 18:24:30.104792,1.17466,1.17475
2025-12-12 18:24:30.229029,1.17467,1.17475
2025-12-12 18:24:33.092911,1.17467,1.17476
2025-12-12 18:24:33.336724,1.17468,1.17477
2025-12-12 18:24:34.720791,1.17468,1.17476
2025-12-12 18:24:34.985563,1.17467,1.17476
2025-12-12 18:24:35.679487,1.17468,1.17477
2025-12-12 18:24:37.385330,1.17469,1.17478
2025-12-12 18:24:38.730121,1.1747,1.17479
2025-12-12 18:24:39.572223,1.1747,1.17478
2025-12-12 18:24:40.550283,1.17469,1.17478
2025-12-12 18:24:49.323956,1.1747,1.17478
2025-12-12 18:24:49.572218,1.17469,1.17478
2025-12-12 18:24:52.779545,1.1747,1.17478
2025-12-12 18:24:53.029406,1.17469,1.17478
2025-12-12 18:24:53.464948,1.1747,1.17478
2025-12-12 18:24:54.793538,1.17469,1.17478
2025-12-12 18:24:55.030216,1.1747,1.17478
2025-12-12 18:24:58.696622,1.17469,1.17478
2025-12-12 18:24:59.163470,1.17471,1.17479
2025-12-12 18:25:02.539972,1.1747,1.17479
2025-12-12 18:25:09.575079,1.17472,1.17481
2025-12-12 18:25:09.773239,1.17472,1.1748
2025-12-12 18:25:10.563212,1.17472,1.17481
2025-12-12 18:25:11.734411,1.17471,1.17479
2025-12-12 18:25:12.064858,1.1747,1.17478
2025-12-12 18:25:14.268265,1.17469,1.17477
2025-12-12 18:25:16.063993,1.1747,1.17478
2025-12-12 18:25:17.516073,1.1747,1.17479
2025-12-12 18:25:17.887933,1.1747,1.17478
2025-12-12 18:25:18.440809,1.1747,1.17479
2025-12-12 18:25:20.053114,1.17471,1.1748
2025-12-12 18:25:22.895001,1.17472,1.17481
2025-12-12 18:25:23.253897,1.17472,1.1748
2025-12-12 18:25:28.063968,1.17476,1.17484
2025-12-12 18:25:30.377621,1.17477,1.17486
2025-12-12 18:25:31.586791,1.17478,1.17486
2025-12-12 18:25:31.818469,1.17478,1.17487
2025-12-12 18:25:33.474473,1.17477,1.17487
2025-12-12 18:25:33.733219,1.17478,1.17486
2025-12-12 18:25:34.555321,1.17478,1.17487
2025-12-12 18:25:35.051788,1.17477,1.17486
2025-12-12 18:25:35.265190,1.17478,1.17487
2025-12-12 18:25:35.811563,1.17479,1.17487
2025-12-12 18:25:36.124600,1.17478,1.17487
2025-12-12 18:25:41.136530,1.17478,1.17486
2025-12-12 18:25:43.044642,1.17478,1.17487
2025-12-12 18:25:43.472092,1.17481,1.17489
2025-12-12 18:25:43.705839,1.17481,1.1749
2025-12-12 18:25:43.998244,1.17482,1.1749
2025-12-12 18:25:44.760331,1.17481,1.1749
2025-12-12 18:25:45.288249,1.17482,1.17491
2025-12-12 18:25:45.642157,1.17482,1.1749
2025-12-12 18:25:46.059017,1.17484,1.17492
2025-12-12 18:25:47.666347,1.17483,1.17491
2025-12-12 18:25:48.349294,1.17485,1.17494
2025-12-12 18:25:48.630207,1.17484,1.17493
2025-12-12 18:25:48.907976,1.17484,1.17492
2025-12-12 18:25:49.423554,1.17484,1.17493
2025-12-12 18:25:49.899498,1.17484,1.17492
2025-12-12 18:25:50.381290,1.17483,1.17492
2025-12-12 18:25:50.707654,1.17482,1.17491
2025-12-12 18:25:50.952760,1.17484,1.17493
2025-12-12 18:25:51.462153,1.17485,1.17493
2025-12-12 18:25:51.727378,1.17484,1.17493
2025-12-12 18:25:53.402658,1.17486,1.17495
2025-12-12 18:25:54.271045,1.17487,1.17495
2025-12-12 18:25:55.199033,1.17486,1.17494
2025-12-12 18:25:55.631701,1.17485,1.17494
2025-12-12 18:25:56.241879,1.17484,1.17493
2025-12-12 18:25:59.160961,1.17483,1.17491
2025-12-12 18:25:59.638733,1.17482,1.17491
2025-12-12 18:25:59.863344,1.17483,1.17491
2025-12-12 18:26:03.038200,1.17483,1.17492
2025-12-12 18:26:03.770614,1.17483,1.17491
2025-12-12 18:26:07.892573,1.17482,1.17491
2025-12-12 18:26:08.901569,1.17481,1.17489
2025-12-12 18:26:09.148454,1.1748,1.17489
2025-12-12 18:26:09.924344,1.17481,1.1749
2025-12-12 18:26:10.744685,1.17482,1.17491
2025-12-12 18:26:11.557781,1.17483,1.17491
2025-12-12 18:26:12.874637,1.17483,1.17492
2025-12-12 18:26:13.425822,1.17483,1.17491
2025-12-12 18:26:14.124683,1.17482,1.17491
2025-12-12 18:26:14.577285,1.17481,1.1749
2025-12-12 18:26:21.726517,1.1748,1.17488
2025-12-12 18:26:22.129185,1.17481,1.1749
2025-12-12 18:26:24.926557,1.17483,1.17491
2025-12-12 18:26:27.128750,1.17481,1.1749
2025-12-12 18:26:29.584188,1.17483,1.17491
2025-12-12 18:26:34.417542,1.17481,1.1749
2025-12-12 18:26:36.028955,1.17481,1.17489
2025-12-12 18:26:38.257561,1.17479,1.17487
2025-12-12 18:26:40.155191,1.1748,1.17488
2025-12-12 18:26:43.532775,1.17479,1.17488
2025-12-12 18:26:43.779325,1.17479,1.17487
2025-12-12 18:26:44.077656,1.1748,1.17488
2025-12-12 18:26:44.955510,1.17481,1.17489
2025-12-12 18:26:45.435627,1.1748,1.17489
2025-12-12 18:26:46.464475,1.1748,1.17488
2025-12-12 18:26:49.241929,1.17486,1.17495
2025-12-12 18:26:49.861890,1.17487,1.17495
2025-12-12 18:26:50.835520,1.17486,1.17494
2025-12-12 18:26:51.621279,1.17485,1.17494
2025-12-12 18:26:53.156493,1.17485,1.17493
2025-12-12 18:26:56.307317,1.17483,1.17491
2025-12-12 18:26:59.657603,1.17481,1.1749
2025-12-12 18:27:00.092468,1.17482,1.1749
2025-12-12 18:27:00.761555,1.17484,1.17492
2025-12-12 18:27:01.024635,1.17484,1.17493
2025-12-12 18:27:02.675067,1.17484,1.17492
2025-12-12 18:27:02.937025,1.17483,1.17491
2025-12-12 18:27:03.357904,1.17483,1.17492
2025-12-12 18:27:05.293392,1.17483,1.17491
2025-12-12 18:27:18.233257,1.17483,1.17492
2025-12-12 18:27:18.926026,1.17483,1.17491
2025-12-12 18:27:25.144004,1.17483,1.17492
2025-12-12 18:27:25.685498,1.17485,1.17494
2025-12-12 18:27:26.066114,1.17485,1.17493
2025-12-12 18:27:36.491183,1.17486,1.17494
2025-12-12 18:27:39.109670,1.17485,1.17494
2025-12-12 18:27:39.428557,1.17487,1.17496
2025-12-12 18:27:39.918419,1.17487,1.17495
2025-12-12 18:27:40.831535,1.17488,1.17496
2025-12-12 18:27:41.079862,1.17488,1.17497
2025-12-12 18:27:41.315156,1.17488,1.17496
2025-12-12 18:27:41.882409,1.17487,1.17496
2025-12-12 18:27:43.054952,1.17488,1.17496
2025-12-12 18:27:43.416937,1.17487,1.17496
2025-12-12 18:27:44.711148,1.17488,1.17496
2025-12-12 18:27:45.702169,1.17487,1.17495
2025-12-12 18:27:52.779921,1.17486,1.17495
2025-12-12 18:27:55.896806,1.17487,1.17495
2025-12-12 18:27:58.550806,1.17487,1.17496
2025-12-12 18:27:59.390806,1.17488,1.17496
2025-12-12 18:28:04.175549,1.17487,1.17495
2025-12-12 18:28:05.196479,1.17488,1.17496
2025-12-12 18:28:07.257842,1.17487,1.17496
2025-12-12 18:28:08.934229,1.17486,1.17495
2025-12-12 18:28:11.271602,1.17486,1.17494
2025-12-12 18:28:11.852429,1.17485,1.17493
2025-12-12 18:28:17.317950,1.17483,1.17491
2025-12-12 18:28:20.100304,1.17481,1.17491
2025-12-12 18:28:26.948446,1.17483,1.17491
2025-12-12 18:28:28.818601,1.17482,1.1749
2025-12-12 18:28:30.204627,1.17483,1.17491
2025-12-12 18:28:32.189722,1.17482,1.1749
2025-12-12 18:28:33.397745,1.17483,1.17491
2025-12-12 18:28:35.281101,1.17481,1.17489
2025-12-12 18:28:35.512878,1.1748,1.17489
2025-12-12 18:28:36.205629,1.1748,1.17488
2025-12-12 18:28:36.577203,1.1748,1.17489
2025-12-12 18:28:37.500695,1.17481,1.17489
2025-12-12 18:28:38.528863,1.1748,1.17489
2025-12-12 18:28:41.354662,1.17481,1.17489
2025-12-12 18:28:41.556293,1.1748,1.17488
2025-12-12 18:28:44.961733,1.17479,1.17487
2025-12-12 18:28:50.253819,1.17478,1.17487
2025-12-12 18:28:50.862726,1.17478,1.17486
2025-12-12 18:28:51.246839,1.1748,1.17489
2025-12-12 18:28:51.882663,1.17479,1.17488
2025-12-12 18:28:52.133151,1.1748,1.17488
2025-12-12 18:28:55.245214,1.17479,1.17488
2025-12-12 18:28:55.598800,1.17479,1.17487
2025-12-12 18:28:57.418505,1.17477,1.17485
2025-12-12 18:28:57.645986,1.17474,1.17483
2025-12-12 18:28:59.227529,1.17474,1.17482
2025-12-12 18:29:01.551197,1.17475,1.17483
2025-12-12 18:29:02.278833,1.17473,1.17481
2025-12-12 18:29:03.184574,1.17472,1.17481
2025-12-12 18:29:03.691772,1.17472,1.1748
2025-12-12 18:29:04.703317,1.17473,1.17481
2025-12-12 18:29:05.151832,1.17472,1.1748
2025-12-12 18:29:07.738213,1.17475,1.17483
2025-12-12 18:29:08.176018,1.17477,1.17485
2025-12-12 18:29:08.435421,1.17476,1.17484
2025-12-12 18:29:08.916072,1.17475,1.17483
2025-12-12 18:29:09.787981,1.17476,1.17484
2025-12-12 18:29:10.955340,1.17473,1.17482
2025-12-12 18:29:12.363554,1.17473,1.17481
2025-12-12 18:29:13.381477,1.17474,1.17482
2025-12-12 18:29:14.469659,1.17473,1.17481
2025-12-12 18:29:17.683126,1.17474,1.17482
2025-12-12 18:29:19.161814,1.17473,1.17481
2025-12-12 18:29:20.392808,1.17475,1.17483
2025-12-12 18:29:23.198721,1.17476,1.17484
2025-12-12 18:29:23.433071,1.17477,1.17485
2025-12-12 18:29:31.968451,1.1748,1.17488
2025-12-12 18:29:32.367013,1.17478,1.17486
2025-12-12 18:29:34.089622,1.17476,1.17485
2025-12-12 18:29:34.968829,1.17477,1.17485
2025-12-12 18:29:36.366379,1.17476,1.17484
2025-12-12 18:29:36.825692,1.17476,1.17485
2025-12-12 18:29:39.019294,1.17476,1.17484
2025-12-12 18:29:41.452497,1.17475,1.17484
2025-12-12 18:29:41.779008,1.17475,1.17483
2025-12-12 18:29:42.232762,1.17475,1.17484
2025-12-12 18:29:45.464169,1.17475,1.17483
2025-12-12 18:29:52.648576,1.17476,1.17485
2025-12-12 18:29:54.625425,1.17477,1.17485
2025-12-12 18:29:57.081572,1.17476,1.17485
2025-12-12 18:29:58.035479,1.17477,1.17485
2025-12-12 18:29:58.595297,1.17476,1.17485
2025-12-12 18:29:59.131177,1.17477,1.17485
2025-12-12 18:29:59.549555,1.17478,1.17486
2025-12-12 18:29:59.780307,1.17479,1.17487
2025-12-12 18:30:00.261008,1.17477,1.17485
2025-12-12 18:30:00.721115,1.17476,1.17485
2025-12-12 18:30:01.807774,1.17477,1.17485
2025-12-12 18:30:03.476481,1.17479,1.17487
2025-12-12 18:30:03.691728,1.17478,1.17486
2025-12-12 18:30:03.969931,1.17479,1.17487
2025-12-12 18:30:04.405629,1.1748,1.17488
2025-12-12 18:30:04.697837,1.17483,1.17491
2025-12-12 18:30:10.357284,1.1748,1.17488
2025-12-12 18:30:10.622011,1.1748,1.17489
2025-12-12 18:30:10.977928,1.17481,1.17489
2025-12-12 18:30:13.486105,1.1748,1.17488
2025-12-12 18:30:14.428927,1.17479,1.17487
2025-12-12 18:30:18.652679,1.17478,1.17486
2025-12-12 18:30:19.264912,1.17479,1.17487
2025-12-12 18:30:19.489969,1.17478,1.17486
2025-12-12 18:30:19.898584,1.1748,1.17488
2025-12-12 18:30:20.688863,1.17482,1.1749
2025-12-12 18:30:21.883258,1.17481,1.1749
2025-12-12 18:30:26.215313,1.17483,1.17491
2025-12-12 18:30:29.713071,1.17482,1.1749
2025-12-12 18:30:33.775673,1.1748,1.17488
2025-12-12 18:30:39.028299,1.1748,1.17489
2025-12-12 18:30:39.646886,1.17481,1.17489
2025-12-12 18:30:40.620862,1.17483,1.17491
2025-12-12 18:30:48.789638,1.17484,1.17492
2025-12-12 18:30:52.680682,1.17483,1.17491
2025-12-12 18:30:58.118715,1.17484,1.17492
2025-12-12 18:30:58.490706,1.17483,1.17491
2025-12-12 18:30:58.551551,1.17483,1.17492
2025-12-12 18:30:58.955031,1.17483,1.17491
2025-12-12 18:31:00.318285,1.17483,1.17492
2025-12-12 18:31:01.728434,1.17481,1.1749
2025-12-12 18:31:03.170926,1.17482,1.1749
2025-12-12 18:31:05.580223,1.17481,1.1749
2025-12-12 18:31:06.682513,1.17482,1.1749
2025-12-12 18:31:16.227801,1.17483,1.17491
2025-12-12 18:31:17.384472,1.17482,1.1749
2025-12-12 18:31:18.826257,1.17485,1.17493
2025-12-12 18:31:19.464895,1.17486,1.17494
2025-12-12 18:31:19.803354,1.17485,1.17494
2025-12-12 18:31:20.020682,1.17486,1.17494
2025-12-12 18:31:20.306089,1.17488,1.17496
2025-12-12 18:31:21.201843,1.17487,1.17496
2025-12-12 18:31:21.447553,1.17487,1.17495
2025-12-12 18:31:27.125520,1.17486,1.17495
2025-12-12 18:31:27.693859,1.17487,1.17495
2025-12-12 18:31:29.242853,1.1749,1.17499
2025-12-12 18:31:30.507746,1.1749,1.17498
2025-12-12 18:31:31.218722,1.17489,1.17498
2025-12-12 18:31:31.862822,1.1749,1.17498
2025-12-12 18:31:32.310336,1.17489,1.17498
2025-12-12 18:31:33.235532,1.1749,1.17498
2025-12-12 18:31:34.160162,1.17489,1.17498
2025-12-12 18:31:35.061556,1.17489,1.17497
2025-12-12 18:31:35.819482,1.17488,1.17497
2025-12-12 18:31:39.453010,1.17488,1.17496
2025-12-12 18:31:39.682849,1.17489,1.17497
2025-12-12 18:31:39.929941,1.17488,1.17496
2025-12-12 18:31:51.467333,1.17487,1.17495
2025-12-12 18:31:51.701601,1.17487,1.17496
2025-12-12 18:31:52.432476,1.17487,1.17495
2025-12-12 18:31:52.690741,1.17488,1.17497
2025-12-12 18:31:56.342838,1.17489,1.17497
2025-12-12 18:31:56.623993,1.17488,1.17497
2025-12-12 18:32:01.711952,1.17488,1.17496
2025-12-12 18:32:02.653639,1.17487,1.17495
2025-12-12 18:32:03.885965,1.17488,1.17496
2025-12-12 18:32:08.381950,1.17487,1.17495
2025-12-12 18:32:09.344601,1.17488,1.17496
2025-12-12 18:32:10.006408,1.17488,1.17497
2025-12-12 18:32:10.272365,1.17488,1.17496
2025-12-12 18:32:10.532007,1.17488,1.17497
2025-12-12 18:32:12.174623,1.17489,1.17497
2025-12-12 18:32:12.598803,1.17489,1.17498
2025-12-12 18:32:12.888156,1.17488,1.17497
2025-12-12 18:32:13.155202,1.17488,1.17496
2025-12-12 18:32:13.372869,1.17488,1.17497
2025-12-12 18:32:15.509262,1.17488,1.17496
2025-12-12 18:32:19.927924,1.17488,1.17497
2025-12-12 18:32:20.550900,1.17489,1.17498
2025-12-12 18:32:21.508037,1.1749,1.17498
2025-12-12 18:32:22.065544,1.17489,1.17498
2025-12-12 18:32:22.312304,1.1749,1.17498
2025-12-12 18:32:22.845618,1.1749,1.17499
2025-12-12 18:32:24.753531,1.1749,1.17498
2025-12-12 18:32:26.339639,1.17489,1.17498
2025-12-12 18:32:26.857913,1.1749,1.17498
2025-12-12 18:32:31.353848,1.17487,1.17496
2025-12-12 18:32:31.680155,1.17486,1.17494
2025-12-12 18:32:32.811531,1.17485,1.17493
2025-12-12 18:32:33.291080,1.17485,1.17494
2025-12-12 18:32:34.267147,1.17486,1.17494
2025-12-12 18:32:36.794431,1.17485,1.17494
2025-12-12 18:32:37.758744,1.17485,1.17493
2025-12-12 18:32:39.519376,1.17486,1.17495
2025-12-12 18:32:39.966121,1.17488,1.17496
2025-12-12 18:32:43.700280,1.1749,1.17499
2025-12-12 18:32:47.427841,1.1749,1.17498
2025-12-12 18:32:47.996854,1.17489,1.17498
2025-12-12 18:32:51.141869,1.17489,1.17497
2025-12-12 18:32:51.327813,1.17488,1.17496
2025-12-12 18:32:52.045011,1.17489,1.17498
2025-12-12 18:32:59.780209,1.17489,1.17497
2025-12-12 18:32:59.983193,1.17489,1.17498
2025-12-12 18:33:01.332888,1.17489,1.17497
2025-12-12 18:33:01.574400,1.17488,1.17496
2025-12-12 18:33:02.093949,1.17489,1.17498
2025-12-12 18:33:04.234290,1.17489,1.17497
2025-12-12 18:33:04.377385,1.17489,1.17498
2025-12-12 18:33:05.428776,1.1749,1.17498
2025-12-12 18:33:05.886090,1.17489,1.17498
2025-12-12 18:33:06.334286,1.1749,1.17499
2025-12-12 18:33:06.770613,1.1749,1.17498
2025-12-12 18:33:07.107525,1.1749,1.17499
2025-12-12 18:33:08.287927,1.1749,1.17498
2025-12-12 18:33:09.541061,1.1749,1.17499
2025-12-12 18:33:13.525692,1.1749,1.17498
2025-12-12 18:33:13.957530,1.1749,1.17499
2025-12-12 18:33:15.910223,1.1749,1.17498
2025-12-12 18:33:17.005745,1.1749,1.17499
2025-12-12 18:33:17.208136,1.1749,1.17498
2025-12-12 18:33:17.830432,1.17491,1.17499
2025-12-12 18:33:18.592836,1.17491,1.175
2025-12-12 18:33:23.858151,1.17491,1.17499
2025-12-12 18:33:24.059743,1.17491,1.175
2025-12-12 18:33:25.807777,1.17491,1.17499
2025-12-12 18:33:26.977817,1.1749,1.17499
2025-12-12 18:33:29.187528,1.17491,1.175
2025-12-12 18:33:29.434076,1.17491,1.17501
2025-12-12 18:33:29.594662,1.17493,1.17501
2025-12-12 18:33:30.743996,1.17492,1.17501
2025-12-12 18:33:31.670570,1.17493,1.17501
2025-12-12 18:33:32.016969,1.17492,1.175
2025-12-12 18:33:32.216554,1.17493,1.17501
2025-12-12 18:33:38.466779,1.17492,1.175
2025-12-12 18:33:39.260775,1.17493,1.17501
2025-12-12 18:33:40.348108,1.17492,1.175
2025-12-12 18:33:43.309535,1.17492,1.17501
2025-12-12 18:33:43.431287,1.17494,1.17503
2025-12-12 18:33:44.461846,1.17495,1.17503
2025-12-12 18:33:44.898307,1.17493,1.17501
2025-12-12 18:34:03.142163,1.17492,1.175
2025-12-12 18:34:05.251136,1.17493,1.17501
2025-12-12 18:34:07.219810,1.17494,1.17503
2025-12-12 18:34:07.275560,1.17494,1.17502
2025-12-12 18:34:08.299403,1.17494,1.17503
2025-12-12 18:34:10.888232,1.17495,1.17503
2025-12-12 18:34:11.165318,1.17494,1.17503
2025-12-12 18:34:11.445164,1.17495,1.17503
2025-12-12 18:34:11.863934,1.17494,1.17503
2025-12-12 18:34:12.126659,1.17495,1.17503
2025-12-12 18:34:15.935800,1.17493,1.17501
2025-12-12 18:34:16.136948,1.17492,1.17501
2025-12-12 18:34:16.594061,1.17489,1.17498
2025-12-12 18:34:17.364497,1.17489,1.17497
2025-12-12 18:34:18.235982,1.1749,1.17498
2025-12-12 18:34:28.896877,1.17489,1.17497
2025-12-12 18:34:29.272588,1.17489,1.17498
2025-12-12 18:34:31.634802,1.17488,1.17497
2025-12-12 18:34:32.069847,1.17489,1.17497
2025-12-12 18:34:33.528577,1.17488,1.17496
2025-12-12 18:34:49.214212,1.17487,1.17496
2025-12-12 18:34:49.959190,1.17488,1.17496
2025-12-12 18:34:52.732350,1.17489,1.17497
2025-12-12 18:34:53.265048,1.17488,1.17496
2025-12-12 18:34:53.699234,1.17489,1.17497
2025-12-12 18:34:55.925152,1.17488,1.17496
2025-12-12 18:35:07.620097,1.17487,1.17495
2025-12-12 18:35:08.103498,1.17484,1.17492
2025-12-12 18:35:08.165656,1.17486,1.17495
2025-12-12 18:35:08.969339,1.17486,1.17494
2025-12-12 18:35:11.107335,1.17485,1.17493
2025-12-12 18:35:11.644474,1.17484,1.17493
2025-12-12 18:35:11.862988,1.17484,1.17492
2025-12-12 18:35:12.188883,1.17485,1.17493
2025-12-12 18:35:14.942600,1.17484,1.17493
2025-12-12 18:35:17.253842,1.17485,1.17493
2025-12-12 18:35:17.723523,1.17484,1.17493
2025-12-12 18:35:18.146802,1.17484,1.17492
2025-12-12 18:35:19.555082,1.17484,1.17493
2025-12-12 18:35:20.872024,1.17485,1.17493
2025-12-12 18:35:21.073087,1.17484,1.17493
2025-12-12 18:35:21.302466,1.17485,1.17493
2025-12-12 18:35:21.753303,1.17484,1.17492
2025-12-12 18:35:22.342539,1.17483,1.17491
2025-12-12 18:35:23.092523,1.17484,1.17492
2025-12-12 18:35:27.220513,1.17484,1.17493
2025-12-12 18:35:35.096059,1.17485,1.17493
2025-12-12 18:35:36.593193,1.17484,1.17493
2025-12-12 18:35:37.140509,1.17485,1.17494
2025-12-12 18:35:39.392075,1.17484,1.17492
2025-12-12 18:35:39.501852,1.17484,1.17493
2025-12-12 18:35:39.809258,1.17484,1.17492
2025-12-12 18:35:56.279032,1.17485,1.17493
2025-12-12 18:35:56.415612,1.17484,1.17492
2025-12-12 18:35:58.119907,1.17483,1.17491
2025-12-12 18:36:00.913344,1.17484,1.17492
2025-12-12 18:36:02.787941,1.17483,1.17492
2025-12-12 18:36:03.271517,1.17484,1.17492
2025-12-12 18:36:05.257504,1.17483,1.17492
2025-12-12 18:36:05.969857,1.17485,1.17493
2025-12-12 18:36:10.103478,1.17486,1.17495
2025-12-12 18:36:10.576102,1.17486,1.17494
2025-12-12 18:36:11.051019,1.17487,1.17495
2025-12-12 18:36:13.181884,1.17486,1.17494
2025-12-12 18:36:15.878804,1.17487,1.17496
2025-12-12 18:36:16.188740,1.17487,1.17495
2025-12-12 18:36:16.563194,1.17488,1.17496
2025-12-12 18:36:19.171456,1.1749,1.17498
2025-12-12 18:36:27.698889,1.17489,1.17497
2025-12-12 18:36:28.071756,1.17488,1.17496
2025-12-12 18:36:30.120814,1.17487,1.17495
2025-12-12 18:36:30.381683,1.17488,1.17496
2025-12-12 18:36:32.141907,1.17488,1.17498
2025-12-12 18:36:32.314334,1.17489,1.17497
2025-12-12 18:36:32.692483,1.17488,1.17497
2025-12-12 18:36:32.907598,1.17489,1.17497
2025-12-12 18:36:33.483421,1.17488,1.17496
2025-12-12 18:36:34.988270,1.17489,1.17497
2025-12-12 18:36:35.224420,1.17488,1.17497
2025-12-12 18:36:35.583594,1.17489,1.17497
2025-12-12 18:36:36.092696,1.17488,1.17496
2025-12-12 18:36:37.559237,1.17488,1.17497
2025-12-12 18:36:39.185749,1.17489,1.17497
2025-12-12 18:36:40.602892,1.17488,1.17497
2025-12-12 18:36:42.050385,1.17489,1.17497
2025-12-12 18:36:43.793197,1.17488,1.17497
2025-12-12 18:36:49.096703,1.17487,1.17496
2025-12-12 18:36:49.400121,1.17487,1.17495
2025-12-12 18:36:50.914469,1.17488,1.17496
2025-12-12 18:36:51.374973,1.17487,1.17495
2025-12-12 18:36:53.129247,1.17486,1.17494
2025-12-12 18:36:53.855045,1.17487,1.17495
2025-12-12 18:36:56.991985,1.17486,1.17494
2025-12-12 18:37:00.052560,1.17487,1.17495
2025-12-12 18:37:02.305384,1.17486,1.17494
2025-12-12 18:37:02.619506,1.17487,1.17495
2025-12-12 18:37:03.268490,1.17486,1.17494
2025-12-12 18:37:19.794332,1.17483,1.17491
2025-12-12 18:37:20.230397,1.17481,1.17489
2025-12-12 18:37:20.789041,1.17482,1.1749
2025-12-12 18:37:21.425429,1.17483,1.17491
2025-12-12 18:37:21.781097,1.17482,1.1749
2025-12-12 18:37:26.607491,1.17481,1.17489
2025-12-12 18:37:41.615407,1.17483,1.17491
2025-12-12 18:37:45.969102,1.17483,1.17492
2025-12-12 18:37:46.907517,1.17484,1.17493
2025-12-12 18:37:49.769458,1.17484,1.17492
2025-12-12 18:37:54.407133,1.17483,1.17491
2025-12-12 18:37:59.951385,1.17484,1.17492
2025-12-12 18:38:08.742251,1.17484,1.17493
2025-12-12 18:38:09.147834,1.17484,1.17492
2025-12-12 18:38:11.535036,1.17483,1.17491
2025-12-12 18:38:12.555317,1.17484,1.17492
2025-12-12 18:38:18.759077,1.17484,1.17493
2025-12-12 18:38:20.029897,1.17485,1.17493
2025-12-12 18:38:20.230165,1.17484,1.17493
2025-12-12 18:38:20.584643,1.17486,1.17494
2025-12-12 18:38:27.322825,1.17485,1.17494
2025-12-12 18:38:27.336865,1.17485,1.17493
2025-12-12 18:38:27.960325,1.17485,1.17494
2025-12-12 18:38:28.173762,1.17485,1.17493
2025-12-12 18:38:29.858001,1.17484,1.17493
2025-12-12 18:38:30.890668,1.17483,1.17492
2025-12-12 18:38:31.864641,1.17483,1.17491
2025-12-12 18:38:32.124339,1.17482,1.1749
2025-12-12 18:38:33.085708,1.17481,1.1749
2025-12-12 18:38:33.335736,1.1748,1.17488
2025-12-12 18:38:34.124496,1.17478,1.17486
2025-12-12 18:38:35.565515,1.17479,1.17487
2025-12-12 18:38:36.106285,1.17478,1.17487
2025-12-12 18:38:37.941050,1.17479,1.17487
2025-12-12 18:38:40.876424,1.17478,1.17487
2025-12-12 18:38:41.176728,1.17479,1.17487
2025-12-12 18:38:45.254873,1.1748,1.17488
2025-12-12 18:38:45.454334,1.17479,1.17487
2025-12-12 18:38:53.079156,1.17478,1.17487
2025-12-12 18:39:01.509533,1.1748,1.17488
2025-12-12 18:39:01.785357,1.17479,1.17488
2025-12-12 18:39:02.749251,1.17479,1.17487
2025-12-12 18:39:08.977395,1.17478,1.17487
2025-12-12 18:39:16.520889,1.17479,1.17487
2025-12-12 18:39:16.937701,1.17481,1.17489
2025-12-12 18:39:17.699061,1.1748,1.17488
2025-12-12 18:39:21.871009,1.17482,1.1749
2025-12-12 18:39:23.129864,1.17481,1.17489
2025-12-12 18:39:23.944452,1.17481,1.1749
2025-12-12 18:39:24.340703,1.17481,1.17489
2025-12-12 18:39:25.127434,1.17481,1.1749
2025-12-12 18:39:26.276631,1.17481,1.17489
2025-12-12 18:39:29.185647,1.17481,1.1749
2025-12-12 18:39:29.832668,1.17482,1.1749
2025-12-12 18:39:30.071050,1.17482,1.17491
2025-12-12 18:39:30.542013,1.17482,1.1749
2025-12-12 18:39:34.841535,1.1748,1.17488
2025-12-12 18:39:35.164956,1.17479,1.17487
2025-12-12 18:39:45.772145,1.1748,1.17488
2025-12-12 18:39:47.954976,1.17481,1.17489
2025-12-12 18:39:52.823735,1.17481,1.1749
2025-12-12 18:39:53.732166,1.17482,1.1749
2025-12-12 18:39:58.533646,1.17481,1.17489
2025-12-12 18:40:05.074382,1.1748,1.17489
2025-12-12 18:40:05.289168,1.1748,1.17488
2025-12-12 18:40:09.103902,1.17478,1.17487
2025-12-12 18:40:09.557430,1.17481,1.17489
2025-12-12 18:40:11.292788,1.17478,1.17487
2025-12-12 18:40:11.611643,1.17478,1.17486
2025-12-12 18:40:14.349063,1.17478,1.17487
2025-12-12 18:40:16.428902,1.17478,1.17486
2025-12-12 18:40:18.754126,1.17478,1.17487
2025-12-12 18:40:22.198042,1.17478,1.17486
2025-12-12 18:40:22.660274,1.17478,1.17487
2025-12-12 18:40:23.205326,1.17479,1.17487
2025-12-12 18:40:23.638990,1.17478,1.17487
2025-12-12 18:40:24.292650,1.17479,1.17487
2025-12-12 18:40:26.385797,1.17478,1.17487
2025-12-12 18:40:28.176739,1.17479,1.17487
2025-12-12 18:40:28.685341,1.17478,1.17487
2025-12-12 18:40:29.983574,1.17481,1.17489
2025-12-12 18:40:31.725415,1.17481,1.1749
2025-12-12 18:40:31.945249,1.17482,1.1749
2025-12-12 18:40:32.431639,1.17481,1.17489
2025-12-12 18:40:33.422994,1.17479,1.17487
2025-12-12 18:40:34.229988,1.17478,1.17487
2025-12-12 18:40:34.573882,1.17478,1.17486
2025-12-12 18:40:35.299763,1.17479,1.17487
2025-12-12 18:40:36.138111,1.17479,1.17488
2025-12-12 18:40:36.338690,1.17481,1.17489
2025-12-12 18:40:38.066716,1.1748,1.17488
2025-12-12 18:40:38.577669,1.17481,1.17489
2025-12-12 18:40:40.400963,1.1748,1.17488
2025-12-12 18:40:41.019043,1.17481,1.17489
2025-12-12 18:40:42.144326,1.17483,1.17491
2025-12-12 18:40:42.356670,1.17482,1.1749
2025-12-12 18:40:43.808940,1.17481,1.1749
2025-12-12 18:40:44.168368,1.17482,1.1749
2025-12-12 18:40:45.017340,1.17481,1.1749
2025-12-12 18:40:45.407496,1.17483,1.17491
2025-12-12 18:40:54.058088,1.1748,1.17488
2025-12-12 18:40:54.261057,1.17478,1.17486
2025-12-12 18:40:55.734391,1.17474,1.17482
2025-12-12 18:40:55.873654,1.17473,1.17482
2025-12-12 18:40:56.552483,1.17473,1.17481
2025-12-12 18:41:03.572363,1.17475,1.17483
2025-12-12 18:41:04.011316,1.17476,1.17484
2025-12-12 18:41:05.660444,1.17475,1.17483
2025-12-12 18:41:09.150343,1.17474,1.17482
2025-12-12 18:41:09.894380,1.17474,1.17483
2025-12-12 18:41:16.636511,1.17476,1.17484
2025-12-12 18:41:22.279165,1.17479,1.17488
2025-12-12 18:41:23.335691,1.17479,1.17487
2025-12-12 18:41:24.638755,1.17478,1.17487
2025-12-12 18:41:26.644377,1.17479,1.17487
2025-12-12 18:41:27.377797,1.17478,1.17486
2025-12-12 18:41:32.815237,1.17477,1.17485
2025-12-12 18:41:35.218393,1.17477,1.17486
2025-12-12 18:41:35.867174,1.17479,1.17487
2025-12-12 18:41:36.131774,1.1748,1.17488
2025-12-12 18:41:39.185639,1.17481,1.17489
2025-12-12 18:41:40.157974,1.17482,1.1749
2025-12-12 18:41:51.378752,1.17481,1.17489
2025-12-12 18:41:53.307190,1.17478,1.17486
2025-12-12 18:41:53.543957,1.17479,1.17488
2025-12-12 18:41:53.777922,1.17479,1.17487
2025-12-12 18:41:54.355378,1.17478,1.17486
2025-12-12 18:42:00.060077,1.17479,1.17487
2025-12-12 18:42:00.633615,1.17479,1.17488
2025-12-12 18:42:01.609470,1.17479,1.17487
2025-12-12 18:42:02.263166,1.1748,1.17488
2025-12-12 18:42:02.970890,1.17479,1.17487
2025-12-12 18:42:05.620896,1.17479,1.17488
2025-12-12 18:42:06.085805,1.17481,1.17489
2025-12-12 18:42:08.377335,1.17483,1.17491
2025-12-12 18:42:10.390061,1.17482,1.1749
2025-12-12 18:42:16.097000,1.17482,1.17491
2025-12-12 18:42:19.135335,1.17482,1.1749
2025-12-12 18:42:19.338426,1.17481,1.1749
2025-12-12 18:42:19.707975,1.17482,1.1749
2025-12-12 18:42:21.225230,1.17481,1.1749
2025-12-12 18:42:22.776608,1.17482,1.1749
2025-12-12 18:42:31.592872,1.17478,1.17487
2025-12-12 18:42:51.669815,1.17476,1.17484
2025-12-12 18:42:54.819245,1.17477,1.17485
2025-12-12 18:42:57.636824,1.17476,1.17485
2025-12-12 18:42:59.080193,1.17476,1.17484
2025-12-12 18:42:59.837924,1.17474,1.17483
2025-12-12 18:43:00.807375,1.17476,1.17485
2025-12-12 18:43:05.931583,1.17473,1.17482
2025-12-12 18:43:16.312930,1.17475,1.17483
2025-12-12 18:43:17.342006,1.17476,1.17484
2025-12-12 18:43:28.623903,1.17474,1.17483
2025-12-12 18:43:29.475708,1.17473,1.17482
2025-12-12 18:43:39.568517,1.17473,1.17481
2025-12-12 18:43:44.834067,1.17472,1.1748
2025-12-12 18:43:44.910673,1.17471,1.1748
2025-12-12 18:43:47.403525,1.17471,1.17479
2025-12-12 18:43:50.329808,1.17464,1.17473
2025-12-12 18:43:50.701509,1.17463,1.17472
2025-12-12 18:43:51.024148,1.17463,1.17471
2025-12-12 18:43:54.154217,1.17463,1.17472
2025-12-12 18:43:54.692664,1.17463,1.17471
2025-12-12 18:43:56.714142,1.17463,1.17472
2025-12-12 18:43:58.134283,1.17466,1.17474
2025-12-12 18:44:06.417537,1.1747,1.17479
2025-12-12 18:44:06.475174,1.17471,1.17479
2025-12-12 18:44:07.570815,1.1747,1.17479
2025-12-12 18:44:09.827423,1.17471,1.17479
2025-12-12 18:44:12.290805,1.1747,1.17478
2025-12-12 18:44:14.390694,1.17471,1.1748
2025-12-12 18:44:15.425203,1.17471,1.17479
2025-12-12 18:44:18.008514,1.1747,1.17478
2025-12-12 18:44:18.633435,1.17472,1.1748
2025-12-12 18:44:20.439796,1.17471,1.1748
2025-12-12 18:44:20.656820,1.17472,1.1748
2025-12-12 18:44:20.908462,1.17471,1.1748
2025-12-12 18:44:21.332074,1.17472,1.1748
2025-12-12 18:44:21.742257,1.17472,1.17481
2025-12-12 18:44:22.963456,1.17472,1.1748
2025-12-12 18:44:29.687840,1.17471,1.17479
2025-12-12 18:44:29.885927,1.1747,1.17478
2025-12-12 18:44:30.742524,1.17471,1.17479
2025-12-12 18:44:30.926650,1.1747,1.17478
2025-12-12 18:44:31.161706,1.1747,1.17479
2025-12-12 18:44:31.795147,1.17468,1.17477
2025-12-12 18:44:31.905417,1.17469,1.17477
2025-12-12 18:44:32.173716,1.1747,1.17478
2025-12-12 18:44:34.871380,1.17469,1.17478
2025-12-12 18:44:36.331076,1.17468,1.17477
2025-12-12 18:44:37.079046,1.17469,1.17477
2025-12-12 18:44:41.293901,1.17468,1.17477
2025-12-12 18:44:42.470905,1.17468,1.17476
2025-12-12 18:44:43.373116,1.17468,1.17477
2025-12-12 18:44:46.603945,1.17468,1.17476
2025-12-12 18:44:47.568140,1.17468,1.17477
2025-12-12 18:44:52.167335,1.17466,1.17474
2025-12-12 18:44:54.047751,1.17464,1.17472
2025-12-12 18:44:55.052384,1.17463,1.17472
2025-12-12 18:44:59.963087,1.17463,1.17471
2025-12-12 18:45:00.195017,1.17462,1.1747
2025-12-12 18:45:00.671457,1.17462,1.17471
2025-12-12 18:45:06.908880,1.17462,1.1747
2025-12-12 18:45:07.765185,1.17462,1.17471
2025-12-12 18:45:08.656905,1.17464,1.17473
2025-12-12 18:45:08.889966,1.17464,1.17472
2025-12-12 18:45:21.565752,1.17463,1.17471
2025-12-12 18:45:23.031741,1.17462,1.17471
2025-12-12 18:45:24.221170,1.17462,1.1747
2025-12-12 18:45:24.732356,1.17462,1.17471
2025-12-12 18:45:25.769676,1.17462,1.1747
2025-12-12 18:45:38.250864,1.17461,1.17469
2025-12-12 18:45:43.573698,1.1746,1.17468
2025-12-12 18:45:44.725146,1.17462,1.1747
2025-12-12 18:45:45.978623,1.17463,1.17471
2025-12-12 18:45:46.223455,1.17464,1.17473
2025-12-12 18:45:49.606823,1.17464,1.17472
2025-12-12 18:45:52.088175,1.17464,1.17473
2025-12-12 18:45:52.506284,1.17465,1.17473
2025-12-12 18:45:53.019592,1.17467,1.17475
2025-12-12 18:45:54.059079,1.17468,1.17476
2025-12-12 18:45:54.340638,1.17467,1.17475
2025-12-12 18:45:55.782519,1.17467,1.17476
2025-12-12 18:45:56.307923,1.17468,1.17476
2025-12-12 18:45:59.899770,1.17467,1.17476
2025-12-12 18:46:01.903459,1.17467,1.17475
2025-12-12 18:46:02.422582,1.17462,1.17471
2025-12-12 18:46:03.255698,1.17462,1.1747
2025-12-12 18:46:03.507173,1.17462,1.17471
2025-12-12 18:46:04.329928,1.17462,1.1747
2025-12-12 18:46:04.827968,1.17462,1.17471
2025-12-12 18:46:05.060733,1.17462,1.1747
2025-12-12 18:46:05.821902,1.17462,1.17471
2025-12-12 18:46:12.952538,1.17462,1.1747
2025-12-12 18:46:13.385769,1.17461,1.1747
2025-12-12 18:46:13.849599,1.17463,1.17471
2025-12-12 18:46:31.823143,1.17462,1.1747
2025-12-12 18:46:35.284262,1.17459,1.17467
2025-12-12 18:46:35.715242,1.17458,1.17467
2025-12-12 18:46:35.960827,1.17458,1.17466
2025-12-12 18:46:42.652433,1.17457,1.17465
2025-12-12 18:46:46.522043,1.17458,1.17466
2025-12-12 18:46:51.171962,1.17457,1.17466
2025-12-12 18:46:55.300209,1.17456,1.17464
2025-12-12 18:46:59.358276,1.17456,1.17465
2025-12-12 18:46:59.591045,1.17457,1.17465
2025-12-12 18:47:01.374055,1.17456,1.17465
2025-12-12 18:47:01.854881,1.17457,1.17465
2025-12-12 18:47:03.954698,1.17455,1.17464
2025-12-12 18:47:04.378165,1.17455,1.17465
2025-12-12 18:47:04.949871,1.17455,1.17464
2025-12-12 18:47:05.770930,1.17455,1.17465
2025-12-12 18:47:06.360461,1.17455,1.17464
2025-12-12 18:47:06.536857,1.17455,1.17465
2025-12-12 18:47:08.962528,1.17457,1.17465
2025-12-12 18:47:21.328280,1.17458,1.17466
2025-12-12 18:47:21.557793,1.17457,1.17465
2025-12-12 18:47:22.658955,1.17456,1.17465
2025-12-12 18:47:23.367608,1.17457,1.17466
2025-12-12 18:47:23.875725,1.17456,1.17465
2025-12-12 18:47:30.969814,1.17457,1.17466
2025-12-12 18:47:32.164600,1.17457,1.17465
2025-12-12 18:47:32.998422,1.17458,1.17466
2025-12-12 18:47:34.099729,1.17457,1.17466
2025-12-12 18:47:36.707375,1.17458,1.17466
2025-12-12 18:47:39.174694,1.17455,1.17464
2025-12-12 18:47:39.324733,1.17456,1.17464
2025-12-12 18:47:39.620645,1.17455,1.17464
2025-12-12 18:47:40.051651,1.17456,1.17464
2025-12-12 18:47:42.140047,1.17455,1.17464
2025-12-12 18:47:42.785622,1.17456,1.17465
2025-12-12 18:47:43.327497,1.17456,1.17464
2025-12-12 18:47:44.998207,1.17454,1.17462
2025-12-12 18:47:45.481726,1.17453,1.17462
2025-12-12 18:47:46.401958,1.17453,1.17461
2025-12-12 18:48:02.488261,1.17454,1.17462
2025-12-12 18:48:03.782666,1.17453,1.17461
2025-12-12 18:48:04.106814,1.17454,1.17462
2025-12-12 18:48:04.818076,1.17453,1.17461
2025-12-12 18:48:23.548224,1.17455,1.17463
2025-12-12 18:48:23.780771,1.17456,1.17464
2025-12-12 18:48:25.141244,1.17458,1.17466
2025-12-12 18:48:27.084377,1.1746,1.17468
2025-12-12 18:48:27.367473,1.17459,1.17467
2025-12-12 18:48:28.470659,1.1746,1.17468
2025-12-12 18:48:33.068347,1.17459,1.17467
2025-12-12 18:48:39.891194,1.1746,1.17468
2025-12-12 18:48:40.505101,1.17459,1.17468
2025-12-12 18:48:40.724532,1.1746,1.17468
2025-12-12 18:48:41.440708,1.17459,1.17468
2025-12-12 18:48:44.206254,1.1746,1.17468
2025-12-12 18:48:47.437618,1.17463,1.17471
2025-12-12 18:48:59.881655,1.17462,1.1747
2025-12-12 18:49:01.840785,1.17458,1.17466
2025-12-12 18:49:10.267185,1.17457,1.17466
2025-12-12 18:49:10.577650,1.17458,1.17466
2025-12-12 18:49:11.410418,1.17457,1.17466
2025-12-12 18:49:12.001232,1.17458,1.17466
2025-12-12 18:49:12.219214,1.17457,1.17466
2025-12-12 18:49:12.853261,1.17458,1.17466
2025-12-12 18:49:13.356183,1.17457,1.17466
2025-12-12 18:49:17.805722,1.17458,1.17466
2025-12-12 18:49:18.160852,1.17458,1.17467
2025-12-12 18:49:21.124283,1.17459,1.17467
2025-12-12 18:49:22.331597,1.17458,1.17466
2025-12-12 18:49:34.010237,1.17457,1.17465
2025-12-12 18:49:37.411010,1.17456,1.17464
2025-12-12 18:49:37.638243,1.17457,1.17465
2025-12-12 18:49:46.878581,1.17458,1.17466
2025-12-12 18:50:01.523323,1.17462,1.1747
2025-12-12 18:50:04.965814,1.17462,1.17471
2025-12-12 18:50:07.101792,1.17463,1.17471
2025-12-12 18:50:09.407805,1.17462,1.1747
2025-12-12 18:50:15.598071,1.17461,1.1747
2025-12-12 18:50:16.282358,1.17462,1.1747
2025-12-12 18:50:17.533417,1.17461,1.1747
2025-12-12 18:50:20.822106,1.17462,1.1747
2025-12-12 18:50:30.196479,1.17463,1.17471
2025-12-12 18:50:31.175280,1.17462,1.1747
2025-12-12 18:50:35.835416,1.17463,1.17471
2025-12-12 18:50:40.999377,1.17461,1.1747
2025-12-12 18:50:41.205940,1.1746,1.17468
2025-12-12 18:50:42.564168,1.17461,1.17469
2025-12-12 18:50:44.752400,1.17459,1.17468
2025-12-12 18:50:53.855514,1.1746,1.17468
2025-12-12 18:50:54.260212,1.17459,1.17468
2025-12-12 18:50:56.059287,1.1746,1.17468
2025-12-12 18:50:58.019662,1.17459,1.17468
2025-12-12 18:50:59.413219,1.1746,1.17468
2025-12-12 18:51:06.191420,1.17458,1.17466
2025-12-12 18:51:13.051036,1.17457,1.17466
2025-12-12 18:51:18.874483,1.17457,1.17465
2025-12-12 18:51:19.542863,1.17457,1.17466
2025-12-12 18:51:30.643144,1.17457,1.17465
2025-12-12 18:51:36.683291,1.17457,1.17466
2025-12-12 18:51:40.191096,1.17457,1.17465
2025-12-12 18:51:40.922025,1.17457,1.17466
2025-12-12 18:51:41.466362,1.17456,1.17465
2025-12-12 18:51:42.799795,1.17457,1.17465
2025-12-12 18:51:43.282318,1.17457,1.17466
2025-12-12 18:51:44.925760,1.17457,1.17465
2025-12-12 18:51:46.928111,1.17456,1.17465
2025-12-12 18:51:49.955650,1.17457,1.17465
2025-12-12 18:51:50.200676,1.17456,1.17465
2025-12-12 18:51:59.847001,1.17457,1.17465
2025-12-12 18:52:00.678481,1.17456,1.17465
2025-12-12 18:52:01.546126,1.17457,1.17465
2025-12-12 18:52:02.694360,1.17456,1.17465
2025-12-12 18:52:16.671702,1.17457,1.17466
2025-12-12 18:52:22.753295,1.1746,1.17469
2025-12-12 18:52:23.014053,1.17461,1.17469
2025-12-12 18:52:23.232629,1.1746,1.17469
2025-12-12 18:52:30.420967,1.17458,1.17466
2025-12-12 18:52:31.002632,1.1746,1.17468
2025-12-12 18:52:32.818858,1.1746,1.1747
2025-12-12 18:52:33.422569,1.17459,1.17467
2025-12-12 18:52:33.701217,1.17458,1.17466
2025-12-12 18:52:37.760667,1.17459,1.17468
2025-12-12 18:52:38.056494,1.1746,1.17469
2025-12-12 18:52:47.908978,1.17458,1.17466
2025-12-12 18:53:08.519260,1.1746,1.17468
2025-12-12 18:53:15.111443,1.1746,1.17469
2025-12-12 18:53:15.575995,1.17461,1.1747
2025-12-12 18:53:15.810723,1.17462,1.1747
2025-12-12 18:53:16.012087,1.17461,1.1747
2025-12-12 18:53:17.366438,1.1746,1.17469
2025-12-12 18:53:17.625809,1.1746,1.17468
2025-12-12 18:53:19.287882,1.17458,1.17466
2025-12-12 18:53:19.768026,1.17461,1.17469
2025-12-12 18:53:20.234111,1.1746,1.17468
2025-12-12 18:53:20.639695,1.17459,1.17467
2025-12-12 18:53:20.947100,1.17459,1.17468
2025-12-12 18:53:21.220819,1.1746,1.17468
2025-12-12 18:53:27.550075,1.17459,1.17468
2025-12-12 18:53:33.688398,1.17458,1.17467
2025-12-12 18:53:34.007419,1.17458,1.17466
2025-12-12 18:53:53.646147,1.1746,1.17468
2025-12-12 18:53:58.259343,1.17459,1.17468
2025-12-12 18:53:58.459779,1.17458,1.17467
2025-12-12 18:53:58.844500,1.17459,1.17467
2025-12-12 18:54:04.228152,1.17459,1.17468
2025-12-12 18:54:06.426479,1.1746,1.17468
2025-12-12 18:54:06.910828,1.17459,1.17468
2025-12-12 18:54:07.278025,1.17461,1.1747
2025-12-12 18:54:07.625270,1.1746,1.17468
2025-12-12 18:54:09.110776,1.17459,1.17468
2025-12-12 18:54:09.641516,1.1746,1.17468
2025-12-12 18:54:13.443376,1.17462,1.1747
2025-12-12 18:54:13.706338,1.17461,1.1747
2025-12-12 18:54:14.610231,1.17462,1.1747
2025-12-12 18:54:15.638135,1.1746,1.17468
2025-12-12 18:54:41.953687,1.17458,1.17466
2025-12-12 18:55:26.654846,1.17454,1.17462
2025-12-12 18:55:27.055640,1.17454,1.17463
2025-12-12 18:55:27.291151,1.17455,1.17463
2025-12-12 18:55:27.477925,1.17456,1.17464
2025-12-12 18:55:27.818888,1.17457,1.17465
2025-12-12 18:55:28.326285,1.17456,1.17464
2025-12-12 18:55:29.647829,1.17454,1.17462
2025-12-12 18:55:30.344278,1.17454,1.17463
2025-12-12 18:55:32.148515,1.17454,1.17462
2025-12-12 18:55:32.459155,1.17455,1.17463
2025-12-12 18:55:33.027468,1.17454,1.17462
2025-12-12 18:55:38.605481,1.17455,1.17463
2025-12-12 18:55:38.824963,1.17454,1.17462
2025-12-12 18:55:39.960515,1.17453,1.17462
2025-12-12 18:55:41.041931,1.17454,1.17463
2025-12-12 18:55:41.321980,1.17455,1.17463
2025-12-12 18:55:41.570657,1.17454,1.17463
2025-12-12 18:55:41.867041,1.17454,1.17462
2025-12-12 18:55:42.809792,1.17453,1.17462
2025-12-12 18:55:45.106677,1.17456,1.17464
2025-12-12 18:55:46.169210,1.17458,1.17466
2025-12-12 18:55:46.296501,1.1746,1.17468
2025-12-12 18:55:46.914067,1.17461,1.17469
2025-12-12 18:55:51.757673,1.1746,1.17468
2025-12-12 18:55:52.636810,1.17459,1.17467
2025-12-12 18:55:53.099221,1.17458,1.17467
2025-12-12 18:55:55.702539,1.17459,1.17467
2025-12-12 18:55:58.321057,1.17458,1.17466
2025-12-12 18:55:59.906952,1.17453,1.17462
2025-12-12 18:56:01.972289,1.17454,1.17463
2025-12-12 18:56:02.687145,1.17455,1.17463
2025-12-12 18:56:03.377300,1.17454,1.17462
2025-12-12 18:56:04.802586,1.17453,1.17461
2025-12-12 18:56:05.109615,1.17453,1.17462
2025-12-12 18:56:07.601950,1.17454,1.17462
2025-12-12 18:56:08.280224,1.17454,1.17463
2025-12-12 18:56:08.577751,1.17454,1.17462
2025-12-12 18:56:11.312512,1.17453,1.17461
2025-12-12 18:56:13.423455,1.17453,1.17462
2025-12-12 18:56:13.641101,1.17454,1.17462
2025-12-12 18:56:14.138382,1.17454,1.17463
2025-12-12 18:56:14.325412,1.17454,1.17462
2025-12-12 18:56:15.691154,1.17453,1.17461
2025-12-12 18:56:18.974629,1.17453,1.17462
2025-12-12 18:56:19.224419,1.17453,1.17461
2025-12-12 18:56:21.630231,1.17453,1.17462
2025-12-12 18:56:21.935242,1.17455,1.17463
2025-12-12 18:56:23.113631,1.17454,1.17463
2025-12-12 18:56:24.592650,1.17453,1.17462
2025-12-12 18:56:26.066500,1.17454,1.17462
2025-12-12 18:56:26.653964,1.17453,1.17462
2025-12-12 18:56:27.831598,1.17454,1.17462
2025-12-12 18:56:28.310150,1.17453,1.17461
2025-12-12 18:56:30.325866,1.17452,1.17461
2025-12-12 18:56:30.838309,1.17452,1.1746
2025-12-12 18:56:32.495233,1.17449,1.17457
2025-12-12 18:56:32.992105,1.17448,1.17456
2025-12-12 18:56:33.193211,1.17447,1.17456
2025-12-12 18:56:33.556617,1.17447,1.17455
2025-12-12 18:56:33.769819,1.17444,1.17452
2025-12-12 18:56:33.999149,1.17446,1.17455
2025-12-12 18:56:34.485974,1.17445,1.17454
2025-12-12 18:56:34.979213,1.17445,1.17453
2025-12-12 18:56:35.290042,1.17444,1.17452
2025-12-12 18:56:35.465879,1.17445,1.17453
2025-12-12 18:56:36.129002,1.17444,1.17452
2025-12-12 18:56:39.732465,1.17442,1.1745
2025-12-12 18:56:40.433954,1.17443,1.17451
2025-12-12 18:56:44.757101,1.17442,1.1745
2025-12-12 18:56:47.240911,1.17441,1.1745
2025-12-12 18:56:47.443328,1.17442,1.1745
2025-12-12 18:56:48.238374,1.17443,1.17451
2025-12-12 18:56:56.650926,1.17442,1.1745
2025-12-12 18:56:57.704529,1.17441,1.17449
2025-12-12 18:56:59.841044,1.17442,1.1745
2025-12-12 18:57:00.056182,1.17441,1.1745
2025-12-12 18:57:01.896914,1.1744,1.17448
2025-12-12 18:57:02.178299,1.17439,1.17447
2025-12-12 18:57:02.735336,1.17438,1.17447
2025-12-12 18:57:02.873678,1.17438,1.17446
2025-12-12 18:57:03.232528,1.17437,1.17446
2025-12-12 18:57:03.814139,1.17438,1.17446
2025-12-12 18:57:04.776382,1.17437,1.17446
2025-12-12 18:57:07.860420,1.17438,1.17446
2025-12-12 18:57:17.521040,1.17437,1.17446
2025-12-12 18:57:19.625285,1.17437,1.17445
2025-12-12 18:57:20.071301,1.17437,1.17446
2025-12-12 18:57:20.347711,1.17437,1.17445
2025-12-12 18:57:20.749100,1.17436,1.17445
2025-12-12 18:57:25.670684,1.17436,1.17444
2025-12-12 18:57:28.255234,1.17437,1.17445
2025-12-12 18:57:28.750163,1.17436,1.17445
2025-12-12 18:57:32.115554,1.17433,1.17442
2025-12-12 18:57:33.313347,1.17432,1.17441
2025-12-12 18:57:33.544292,1.17433,1.17441
2025-12-12 18:57:33.775703,1.17432,1.17441
2025-12-12 18:57:34.909272,1.17431,1.1744
2025-12-12 18:57:35.305513,1.1743,1.17438
2025-12-12 18:57:35.540940,1.17429,1.17437
2025-12-12 18:57:35.828073,1.17428,1.17437
2025-12-12 18:57:36.608018,1.1743,1.17438
2025-12-12 18:57:36.948428,1.1743,1.17439
2025-12-12 18:57:37.382074,1.17429,1.17438
2025-12-12 18:57:38.620912,1.1743,1.17439
2025-12-12 18:57:39.240767,1.17429,1.17438
2025-12-12 18:57:40.237938,1.17429,1.17437
2025-12-12 18:57:40.490935,1.1743,1.17438
2025-12-12 18:57:40.902171,1.1743,1.17439
2025-12-12 18:57:41.650102,1.1743,1.17438
2025-12-12 18:57:42.237620,1.17431,1.17439
2025-12-12 18:57:42.565642,1.17433,1.17442
2025-12-12 18:57:43.042703,1.17433,1.17441
2025-12-12 18:57:43.399216,1.17432,1.1744
2025-12-12 18:57:44.148376,1.17431,1.17439
2025-12-12 18:57:45.367440,1.1743,1.17438
2025-12-12 18:57:46.094227,1.1743,1.17439
2025-12-12 18:57:46.917886,1.17429,1.17438
2025-12-12 18:57:47.349517,1.17429,1.17437
2025-12-12 18:57:47.476360,1.17429,1.17438
2025-12-12 18:57:47.850100,1.17428,1.17436
2025-12-12 18:57:48.048572,1.17428,1.17437
2025-12-12 18:57:48.667585,1.17428,1.17436
2025-12-12 18:57:49.829181,1.17429,1.17438
2025-12-12 18:57:50.631796,1.17429,1.17437
2025-12-12 18:57:51.267719,1.17428,1.17437
2025-12-12 18:57:52.603126,1.17428,1.17436
2025-12-12 18:57:52.695326,1.17429,1.17437
2025-12-12 18:57:53.756951,1.17428,1.17436
2025-12-12 18:57:54.172250,1.17429,1.17437
2025-12-12 18:57:54.686302,1.17428,1.17436
2025-12-12 18:57:55.295079,1.17427,1.17435
2025-12-12 18:57:55.757749,1.17428,1.17436
2025-12-12 18:57:57.388513,1.17426,1.17435
2025-12-12 18:57:57.648299,1.17424,1.17432
2025-12-12 18:57:58.453925,1.17423,1.17432
2025-12-12 18:57:59.595563,1.17424,1.17432
2025-12-12 18:58:01.059576,1.17426,1.17434
2025-12-12 18:58:02.394369,1.17424,1.17433
2025-12-12 18:58:02.667204,1.17423,1.17431
2025-12-12 18:58:02.780093,1.17423,1.17432
2025-12-12 18:58:03.335512,1.17423,1.17431
2025-12-12 18:58:03.628315,1.17423,1.17432
2025-12-12 18:58:04.584816,1.17423,1.17431
2025-12-12 18:58:06.022405,1.17423,1.17432
2025-12-12 18:58:07.583747,1.17424,1.17432
2025-12-12 18:58:08.573071,1.17423,1.17432
2025-12-12 18:58:08.989826,1.17422,1.1743
2025-12-12 18:58:09.886023,1.17423,1.17431
2025-12-12 18:58:10.773119,1.17422,1.1743
2025-12-12 18:58:11.201765,1.17422,1.17431
2025-12-12 18:58:11.703012,1.17421,1.1743
2025-12-12 18:58:11.978812,1.1742,1.17429
2025-12-12 18:58:12.457902,1.17421,1.17429
2025-12-12 18:58:13.082190,1.17424,1.17433
2025-12-12 18:58:13.774621,1.17424,1.17432
2025-12-12 18:58:14.729827,1.17423,1.17431
2025-12-12 18:58:16.261412,1.17422,1.1743
2025-12-12 18:58:20.093537,1.17421,1.1743
2025-12-12 18:58:20.504516,1.17422,1.1743
2025-12-12 18:58:20.810996,1.17421,1.17429
2025-12-12 18:58:22.422314,1.17419,1.17427
2025-12-12 18:58:22.731454,1.17418,1.17427
2025-12-12 18:58:23.309124,1.17419,1.17427
2025-12-12 18:58:23.629566,1.17419,1.17428
2025-12-12 18:58:26.260377,1.1742,1.17428
2025-12-12 18:58:27.627260,1.17421,1.17429
2025-12-12 18:58:27.902847,1.17419,1.17428
2025-12-12 18:58:28.753987,1.17418,1.17427
2025-12-12 18:58:29.609621,1.17419,1.17427
2025-12-12 18:58:30.596842,1.17419,1.17428
2025-12-12 18:58:32.646643,1.17417,1.17425
2025-12-12 18:58:39.198085,1.17415,1.17423
2025-12-12 18:58:39.448300,1.17416,1.17424
2025-12-12 18:58:40.032020,1.17414,1.17422
2025-12-12 18:58:41.653820,1.17412,1.1742
2025-12-12 18:58:42.473139,1.17411,1.17419
2025-12-12 18:58:42.677464,1.17412,1.1742
2025-12-12 18:58:43.138157,1.17413,1.17421
2025-12-12 18:58:43.419223,1.17412,1.1742
2025-12-12 18:58:44.331319,1.1741,1.17418
2025-12-12 18:58:44.577490,1.17411,1.17419
2025-12-12 18:58:45.464797,1.17412,1.1742
2025-12-12 18:58:47.563255,1.17414,1.17422
2025-12-12 18:58:47.841054,1.17413,1.17422
2025-12-12 18:58:48.198388,1.17413,1.17421
2025-12-12 18:58:49.165464,1.17412,1.1742
2025-12-12 18:58:49.738492,1.17411,1.17419
2025-12-12 18:58:50.218585,1.17409,1.17417
2025-12-12 18:58:51.774716,1.1741,1.17418
2025-12-12 18:58:52.073652,1.17411,1.17419
2025-12-12 18:58:53.321085,1.17412,1.1742
2025-12-12 18:58:54.361089,1.17412,1.17421
2025-12-12 18:58:54.688410,1.17413,1.17421
2025-12-12 18:58:55.140959,1.17414,1.17423
2025-12-12 18:58:56.572489,1.17412,1.17421
2025-12-12 18:58:57.777555,1.17413,1.17421
2025-12-12 18:58:58.363274,1.17412,1.17421
2025-12-12 18:58:59.652041,1.17411,1.17419
2025-12-12 18:59:00.716764,1.1741,1.17418
2025-12-12 18:59:01.197318,1.17411,1.17419
2025-12-12 18:59:01.723892,1.1741,1.17419
2025-12-12 18:59:02.093283,1.17411,1.17419
2025-12-12 18:59:04.176422,1.1741,1.17419
2025-12-12 18:59:04.390825,1.1741,1.17418
2025-12-12 18:59:15.840859,1.17409,1.17418
2025-12-12 18:59:16.619828,1.17408,1.17417
2025-12-12 18:59:18.176367,1.17408,1.17416
2025-12-12 18:59:18.763169,1.17407,1.17415
2025-12-12 18:59:19.046749,1.17408,1.17416
2025-12-12 18:59:20.412929,1.1741,1.17418
2025-12-12 18:59:21.881302,1.17409,1.17417
2025-12-12 18:59:22.302410,1.17408,1.17416
2025-12-12 18:59:22.640113,1.17407,1.17415
2025-12-12 18:59:24.675605,1.17406,1.17414
2025-12-12 18:59:24.856207,1.17405,1.17413
2025-12-12 18:59:24.920719,1.17404,1.17412
2025-12-12 18:59:25.183026,1.17405,1.17413
2025-12-12 18:59:25.787794,1.17404,1.17413
2025-12-12 18:59:26.778641,1.17405,1.17413
2025-12-12 18:59:27.537184,1.17404,1.17412
2025-12-12 18:59:27.753901,1.17405,1.17413
2025-12-12 18:59:30.834520,1.17403,1.17412
2025-12-12 18:59:32.406171,1.17404,1.17412
2025-12-12 18:59:32.918708,1.17403,1.17411
2025-12-12 18:59:33.741053,1.17404,1.17413
2025-12-12 18:59:34.113303,1.17405,1.17414
2025-12-12 18:59:34.331180,1.17405,1.17413
2025-12-12 18:59:34.534948,1.17404,1.17413
2025-12-12 18:59:34.930176,1.17408,1.17416
2025-12-12 18:59:40.389903,1.1741,1.17418
2025-12-12 18:59:40.693741,1.17411,1.1742
2025-12-12 18:59:41.733055,1.17411,1.17419
2025-12-12 18:59:42.016803,1.17412,1.1742
2025-12-12 18:59:43.750226,1.1741,1.17418
2025-12-12 18:59:44.195458,1.17411,1.17419
2025-12-12 18:59:44.907749,1.1741,1.17419
2025-12-12 18:59:45.329274,1.17408,1.17417
2025-12-12 18:59:45.406235,1.17409,1.17417
2025-12-12 18:59:45.738407,1.17409,1.17418
2025-12-12 18:59:45.928632,1.17409,1.17417
2025-12-12 18:59:46.075672,1.17409,1.17418
2025-12-12 18:59:46.296514,1.17409,1.17417
2025-12-12 18:59:46.569595,1.17409,1.17418
2025-12-12 18:59:46.809351,1.17409,1.17417
2025-12-12 18:59:48.758252,1.1741,1.17419
2025-12-12 18:59:49.040571,1.17411,1.17419
2025-12-12 18:59:49.844054,1.1741,1.17418
2025-12-12 18:59:51.667537,1.17409,1.17417
2025-12-12 18:59:51.946804,1.17408,1.17417
2025-12-12 18:59:52.673212,1.17409,1.17417
2025-12-12 18:59:55.641139,1.17409,1.17418
2025-12-12 18:59:55.965686,1.17411,1.17419
2025-12-12 18:59:56.192498,1.17412,1.1742
2025-12-12 18:59:56.455677,1.17411,1.17419
2025-12-12 18:59:56.582618,1.1741,1.17418
2025-12-12 18:59:57.199347,1.17409,1.17418
2025-12-12 18:59:57.992434,1.17411,1.17419
2025-12-12 18:59:58.750891,1.1741,1.17418
2025-12-12 18:59:59.402413,1.17411,1.17419
2025-12-12 18:59:59.786554,1.1741,1.17418
2025-12-12 19:00:01.873636,1.17408,1.17416
2025-12-12 19:00:02.135455,1.17407,1.17415
2025-12-12 19:00:02.383565,1.17407,1.17416
2025-12-12 19:00:02.578203,1.17408,1.17416
2025-12-12 19:00:03.183570,1.17407,1.17415
2025-12-12 19:00:03.386853,1.17406,1.17414
2025-12-12 19:00:03.620500,1.17405,1.17413
2025-12-12 19:00:04.056610,1.17406,1.17414
2025-12-12 19:00:06.645315,1.17407,1.17415
2025-12-12 19:00:08.180694,1.17408,1.17416
2025-12-12 19:00:08.384349,1.17409,1.17417
2025-12-12 19:00:09.062127,1.17408,1.17416
2025-12-12 19:00:09.725475,1.17408,1.17417
2025-12-12 19:00:10.088103,1.17408,1.17416
2025-12-12 19:00:11.096123,1.17407,1.17415
2025-12-12 19:00:11.296980,1.17408,1.17416
2025-12-12 19:00:12.673480,1.17406,1.17414
2025-12-12 19:00:12.892810,1.17407,1.17415
2025-12-12 19:00:13.139904,1.17406,1.17414
2025-12-12 19:00:13.510914,1.17407,1.17415
2025-12-12 19:00:13.962217,1.17406,1.17414
2025-12-12 19:00:14.828793,1.17405,1.17413
2025-12-12 19:00:15.045065,1.17406,1.17414
2025-12-12 19:00:15.828318,1.17407,1.17415
2025-12-12 19:00:15.961184,1.17405,1.17413
2025-12-12 19:00:16.293421,1.17404,1.17413
2025-12-12 19:00:16.845524,1.17406,1.17414
2025-12-12 19:00:19.148355,1.17403,1.17411
2025-12-12 19:00:19.305433,1.17402,1.1741
2025-12-12 19:00:19.518679,1.17401,1.17409
2025-12-12 19:00:19.898307,1.17404,1.17412
2025-12-12 19:00:20.975446,1.17404,1.17413
2025-12-12 19:00:21.706533,1.17403,1.17411
2025-12-12 19:00:23.601618,1.17404,1.17412
2025-12-12 19:00:25.102408,1.17403,1.17412
2025-12-12 19:00:25.366118,1.17404,1.17412
2025-12-12 19:00:26.652522,1.17403,1.17412
2025-12-12 19:00:27.463408,1.17404,1.17412
2025-12-12 19:00:27.976043,1.17403,1.17412
2025-12-12 19:00:28.501643,1.17403,1.17411
2025-12-12 19:00:28.747835,1.17404,1.17412
2025-12-12 19:00:30.653903,1.17403,1.17412
2025-12-12 19:00:31.173772,1.17403,1.17411
2025-12-12 19:00:31.996157,1.17404,1.17412
2025-12-12 19:00:39.312687,1.17402,1.1741
2025-12-12 19:00:41.918669,1.17403,1.17411
2025-12-12 19:00:42.369919,1.17404,1.17412
2025-12-12 19:00:43.165092,1.17402,1.1741
2025-12-12 19:00:43.753431,1.174,1.17408
2025-12-12 19:00:44.483999,1.17401,1.17409
2025-12-12 19:00:44.695409,1.17399,1.17408
2025-12-12 19:00:45.083491,1.17401,1.17409
2025-12-12 19:00:46.478217,1.17399,1.17408
2025-12-12 19:00:46.705062,1.17398,1.17406
2025-12-12 19:00:47.641734,1.17399,1.17407
2025-12-12 19:00:48.724566,1.174,1.17408
2025-12-12 19:00:48.940137,1.17398,1.17407
2025-12-12 19:00:49.296976,1.17401,1.17409
2025-12-12 19:00:49.511515,1.174,1.17408
2025-12-12 19:00:50.099484,1.17399,1.17407
2025-12-12 19:00:50.777613,1.17398,1.17407
2025-12-12 19:00:51.107202,1.17399,1.17407
2025-12-12 19:00:51.351935,1.17402,1.1741
2025-12-12 19:00:51.631410,1.17404,1.17414
2025-12-12 19:00:52.306609,1.17405,1.17414
2025-12-12 19:00:53.084389,1.17404,1.17412
2025-12-12 19:00:54.319272,1.17403,1.17413
2025-12-12 19:00:55.789859,1.17405,1.17413
2025-12-12 19:00:56.873400,1.17404,1.17412
2025-12-12 19:00:57.807965,1.17404,1.17413
2025-12-12 19:00:58.432566,1.17403,1.17412
2025-12-12 19:00:58.884019,1.17402,1.17411
2025-12-12 19:00:59.038008,1.17401,1.1741
2025-12-12 19:01:00.198573,1.17403,1.17411
2025-12-12 19:01:00.935608,1.17403,1.17412
2025-12-12 19:01:02.465460,1.17403,1.17411
2025-12-12 19:01:02.725410,1.17401,1.1741
2025-12-12 19:01:03.095553,1.17403,1.17411
2025-12-12 19:01:04.229197,1.17404,1.17412
2025-12-12 19:01:04.705337,1.17403,1.17411
2025-12-12 19:01:04.971245,1.17401,1.1741
2025-12-12 19:01:05.185446,1.17402,1.1741
2025-12-12 19:01:05.421074,1.17402,1.17411
2025-12-12 19:01:05.666678,1.17403,1.17411
2025-12-12 19:01:05.946699,1.17403,1.17412
2025-12-12 19:01:06.288845,1.17404,1.17413
2025-12-12 19:01:08.209141,1.17403,1.17412
2025-12-12 19:01:09.038435,1.17404,1.17412
2025-12-12 19:01:10.406220,1.17403,1.17412
2025-12-12 19:01:10.684400,1.17404,1.17412
2025-12-12 19:01:11.104942,1.17403,1.17411
2025-12-12 19:01:11.400410,1.17404,1.17412
2025-12-12 19:01:12.314395,1.17403,1.17411
2025-12-12 19:01:12.441210,1.17404,1.17412
2025-12-12 19:01:12.690391,1.17403,1.17411
2025-12-12 19:01:13.650219,1.17402,1.1741
2025-12-12 19:01:16.351599,1.17403,1.17411
2025-12-12 19:01:17.560025,1.17402,1.1741
2025-12-12 19:01:18.440926,1.17401,1.1741
2025-12-12 19:01:19.043915,1.17402,1.1741
2025-12-12 19:01:19.321660,1.17402,1.17411
2025-12-12 19:01:20.110472,1.17402,1.1741
2025-12-12 19:01:21.056006,1.17402,1.17411
2025-12-12 19:01:21.359768,1.17403,1.17411
2025-12-12 19:01:21.607442,1.17402,1.1741
2025-12-12 19:01:22.751561,1.17402,1.17411
2025-12-12 19:01:23.696704,1.17401,1.17409
2025-12-12 19:01:25.350983,1.17401,1.1741
2025-12-12 19:01:25.597647,1.17402,1.1741
2025-12-12 19:01:26.063610,1.17401,1.1741
2025-12-12 19:01:27.621761,1.17401,1.17409
2025-12-12 19:01:27.869073,1.17397,1.17406
2025-12-12 19:01:28.439902,1.17397,1.17405
2025-12-12 19:01:29.745586,1.17398,1.17406
2025-12-12 19:01:30.052366,1.17399,1.17407
2025-12-12 19:01:30.711385,1.17402,1.1741
2025-12-12 19:01:34.523029,1.17403,1.17411
2025-12-12 19:01:35.437832,1.17402,1.17411
2025-12-12 19:01:45.909411,1.174,1.17409
2025-12-12 19:01:48.172591,1.17395,1.17403
2025-12-12 19:01:48.713803,1.17393,1.17403
2025-12-12 19:01:48.788450,1.17394,1.17402
2025-12-12 19:01:48.881356,1.17396,1.17404
2025-12-12 19:01:49.018449,1.17394,1.17402
2025-12-12 19:01:50.275313,1.17393,1.17401
2025-12-12 19:01:51.169253,1.17392,1.17402
2025-12-12 19:01:51.261687,1.17393,1.17401
2025-12-12 19:01:54.142715,1.17394,1.17403
2025-12-12 19:01:54.590879,1.17396,1.17404
2025-12-12 19:01:55.505081,1.17394,1.17403
2025-12-12 19:01:55.775067,1.17396,1.17404
2025-12-12 19:01:57.393568,1.17395,1.17403
2025-12-12 19:01:57.908746,1.17394,1.17403
2025-12-12 19:01:59.699851,1.17394,1.17402
2025-12-12 19:02:01.073537,1.17395,1.17403
2025-12-12 19:02:01.783993,1.17394,1.17402
2025-12-12 19:02:03.091102,1.17393,1.17402
2025-12-12 19:02:03.656183,1.17392,1.174
2025-12-12 19:02:03.902046,1.17391,1.17399
2025-12-12 19:02:04.977059,1.17393,1.17401
2025-12-12 19:02:05.675830,1.17392,1.174
2025-12-12 19:02:08.578242,1.1739,1.17399
2025-12-12 19:02:09.579465,1.1739,1.17398
2025-12-12 19:02:10.563498,1.17388,1.17396
2025-12-12 19:02:11.722365,1.17387,1.17395
2025-12-12 19:02:12.159139,1.17385,1.17394
2025-12-12 19:02:12.389960,1.17387,1.17395
2025-12-12 19:02:12.603151,1.17385,1.17394
2025-12-12 19:02:12.978720,1.17387,1.17395
2025-12-12 19:02:13.284728,1.17386,1.17394
2025-12-12 19:02:21.474344,1.17387,1.17395
2025-12-12 19:02:22.473031,1.17388,1.17396
2025-12-12 19:02:23.053988,1.17386,1.17394
2025-12-12 19:02:25.586829,1.17387,1.17395
2025-12-12 19:02:25.678986,1.17389,1.17398
2025-12-12 19:02:26.229223,1.17389,1.17397
2025-12-12 19:02:26.382952,1.17388,1.17397
2025-12-12 19:02:26.679831,1.17386,1.17395
2025-12-12 19:02:26.738526,1.17386,1.17394
2025-12-12 19:02:27.633293,1.17385,1.17393
2025-12-12 19:02:27.774490,1.17385,1.17394
2025-12-12 19:02:27.815805,1.17382,1.1739
2025-12-12 19:02:28.249217,1.17383,1.17391
2025-12-12 19:02:33.791561,1.17384,1.17392
2025-12-12 19:02:34.711007,1.17386,1.17394
2025-12-12 19:02:35.282438,1.17391,1.17399
2025-12-12 19:02:35.530703,1.1739,1.17399
2025-12-12 19:02:35.599506,1.1739,1.17398
2025-12-12 19:02:35.998730,1.17391,1.17399
2025-12-12 19:02:39.581615,1.17393,1.17401
2025-12-12 19:02:40.747546,1.17393,1.17402
2025-12-12 19:02:41.035709,1.17394,1.17403
2025-12-12 19:02:41.443981,1.17395,1.17403
2025-12-12 19:02:42.924357,1.17394,1.17402
2025-12-12 19:02:43.221178,1.17393,1.17402
2025-12-12 19:02:44.501475,1.17393,1.17401
2025-12-12 19:02:44.813374,1.17393,1.17402
2025-12-12 19:02:46.651157,1.17393,1.17401
2025-12-12 19:02:46.825944,1.17393,1.17402
2025-12-12 19:02:48.402881,1.17393,1.17401
2025-12-12 19:02:48.734508,1.17395,1.17403
2025-12-12 19:02:49.495656,1.17396,1.17404
2025-12-12 19:02:50.927278,1.17395,1.17403
2025-12-12 19:02:52.068246,1.17394,1.17403
2025-12-12 19:02:53.120721,1.17394,1.17402
2025-12-12 19:02:54.871031,1.17393,1.17402
2025-12-12 19:02:55.010762,1.17393,1.17401
2025-12-12 19:02:55.429331,1.17394,1.17403
2025-12-12 19:02:55.748360,1.17397,1.17405
2025-12-12 19:03:00.267564,1.17396,1.17405
2025-12-12 19:03:00.566204,1.17397,1.17405
2025-12-12 19:03:01.523041,1.17398,1.17407
2025-12-12 19:03:01.687753,1.17398,1.17406
2025-12-12 19:03:05.119641,1.17402,1.1741
2025-12-12 19:03:05.336868,1.17401,1.17409
2025-12-12 19:03:05.717033,1.17403,1.17412
2025-12-12 19:03:05.972516,1.17404,1.17412
2025-12-12 19:03:08.123291,1.17403,1.17411
2025-12-12 19:03:09.007722,1.17404,1.17412
2025-12-12 19:03:09.566975,1.17403,1.17412
2025-12-12 19:03:09.956662,1.17403,1.17411
2025-12-12 19:03:12.088843,1.17402,1.1741
2025-12-12 19:03:12.961655,1.17401,1.1741
2025-12-12 19:03:13.399226,1.17402,1.1741
2025-12-12 19:03:13.623195,1.17401,1.17409
2025-12-12 19:03:14.921018,1.17399,1.17407
2025-12-12 19:03:15.753559,1.17398,1.17406
2025-12-12 19:03:16.927701,1.17399,1.17407
2025-12-12 19:03:18.403980,1.17398,1.17406
2025-12-12 19:03:20.596970,1.17394,1.17403
2025-12-12 19:03:21.570043,1.17393,1.17401
2025-12-12 19:03:24.081841,1.17392,1.174
2025-12-12 19:03:26.945980,1.17393,1.17401
2025-12-12 19:03:27.684530,1.17394,1.17402
2025-12-12 19:03:28.701767,1.17393,1.17402
2025-12-12 19:03:29.463537,1.17394,1.17402
2025-12-12 19:03:29.643164,1.17393,1.17401
2025-12-12 19:03:29.986716,1.17392,1.174
2025-12-12 19:03:30.358983,1.17393,1.17401
2025-12-12 19:03:31.313385,1.17394,1.17403
2025-12-12 19:03:34.085782,1.17393,1.17402
2025-12-12 19:03:36.829833,1.17394,1.17402
2025-12-12 19:03:38.261331,1.17393,1.17402
2025-12-12 19:03:39.296955,1.17394,1.17402
2025-12-12 19:03:39.454137,1.17393,1.17402
2025-12-12 19:03:39.654087,1.17394,1.17402
2025-12-12 19:03:40.722501,1.17393,1.17402
2025-12-12 19:03:41.099062,1.17394,1.17402
2025-12-12 19:03:42.009651,1.17396,1.17404
2025-12-12 19:03:42.318146,1.17398,1.17406
2025-12-12 19:03:54.507809,1.17396,1.17404
2025-12-12 19:03:59.878095,1.17397,1.17405
2025-12-12 19:04:00.423520,1.17398,1.17406
2025-12-12 19:04:05.484074,1.17399,1.17407
2025-12-12 19:04:05.724450,1.17398,1.17406
2025-12-12 19:04:08.783533,1.17399,1.17407
2025-12-12 19:04:09.138533,1.17398,1.17406
2025-12-12 19:04:12.107169,1.17394,1.17402
2025-12-12 19:04:12.279202,1.17393,1.17401
2025-12-12 19:04:12.453590,1.17392,1.174
2025-12-12 19:04:13.129849,1.17391,1.17399
2025-12-12 19:04:13.347590,1.1739,1.17398
2025-12-12 19:04:16.189817,1.17391,1.17399
2025-12-12 19:04:17.427550,1.17388,1.17396
2025-12-12 19:04:19.945937,1.17387,1.17395
2025-12-12 19:04:23.365488,1.17388,1.17396
2025-12-12 19:04:24.825039,1.17387,1.17396
2025-12-12 19:04:26.507710,1.17388,1.17396
2025-12-12 19:04:33.010832,1.17391,1.17399
2025-12-12 19:04:44.243331,1.17391,1.174
2025-12-12 19:04:52.553837,1.17391,1.17399
2025-12-12 19:04:56.057471,1.17392,1.174
2025-12-12 19:04:56.689572,1.17391,1.174
2025-12-12 19:04:57.168421,1.17392,1.174
2025-12-12 19:05:01.211994,1.17388,1.17396
2025-12-12 19:05:06.906263,1.17391,1.17399
2025-12-12 19:05:08.157742,1.17392,1.174
2025-12-12 19:05:14.302321,1.17392,1.17401
2025-12-12 19:05:16.051636,1.17392,1.174
2025-12-12 19:05:16.356296,1.17392,1.17401
2025-12-12 19:05:16.970001,1.17392,1.174
2025-12-12 19:05:19.135484,1.17392,1.17401
2025-12-12 19:05:20.821880,1.17392,1.174
2025-12-12 19:05:20.917168,1.17392,1.17401
2025-12-12 19:05:24.174917,1.17392,1.174
2025-12-12 19:05:25.118331,1.17392,1.17401
2025-12-12 19:05:25.988382,1.17397,1.17405
2025-12-12 19:05:26.238535,1.17398,1.17406
2025-12-12 19:05:26.466444,1.17399,1.17408
2025-12-12 19:05:26.546502,1.17398,1.17406
2025-12-12 19:05:26.764092,1.17397,1.17405
2025-12-12 19:05:27.116859,1.17396,1.17404
2025-12-12 19:05:28.029227,1.17397,1.17405
2025-12-12 19:05:28.433673,1.17396,1.17405
2025-12-12 19:05:33.631751,1.17397,1.17405
2025-12-12 19:05:33.810986,1.17396,1.17405
2025-12-12 19:05:41.646786,1.17394,1.17402
2025-12-12 19:05:42.182517,1.17393,1.17403
2025-12-12 19:05:42.679963,1.17394,1.17403
2025-12-12 19:05:42.882495,1.17393,1.17403
2025-12-12 19:05:43.994679,1.17393,1.17402
2025-12-12 19:05:47.287886,1.17393,1.17401
2025-12-12 19:05:48.163126,1.17393,1.17402
2025-12-12 19:05:50.553823,1.17393,1.17401
2025-12-12 19:05:51.431227,1.17396,1.17404
2025-12-12 19:05:52.522427,1.17394,1.17403
2025-12-12 19:05:58.430379,1.17393,1.17402
2025-12-12 19:05:58.946646,1.17394,1.17403
2025-12-12 19:05:59.177607,1.17393,1.17402
2025-12-12 19:05:59.669446,1.17396,1.17404
2025-12-12 19:06:00.235845,1.17394,1.17403
2025-12-12 19:06:00.325698,1.17394,1.17402
2025-12-12 19:06:00.829908,1.17393,1.17402
2025-12-12 19:06:01.433002,1.17392,1.174
2025-12-12 19:06:02.461821,1.1739,1.17398
2025-12-12 19:06:02.925719,1.17388,1.17397
2025-12-12 19:06:03.128873,1.17388,1.17396
2025-12-12 19:06:17.463995,1.17387,1.17395
2025-12-12 19:06:50.601808,1.17386,1.17395
2025-12-12 19:06:56.472222,1.17386,1.17394
2025-12-12 19:06:56.677850,1.17386,1.17395
2025-12-12 19:06:57.264761,1.17387,1.17395
2025-12-12 19:06:57.573673,1.17388,1.17396
2025-12-12 19:06:58.640789,1.17387,1.17396
2025-12-12 19:07:00.395079,1.17383,1.17391
2025-12-12 19:07:01.882392,1.17378,1.17387
2025-12-12 19:07:02.175315,1.1738,1.17388
2025-12-12 19:07:04.267010,1.17379,1.17387
2025-12-12 19:07:06.628445,1.17378,1.17386
2025-12-12 19:07:14.628491,1.17377,1.17386
2025-12-12 19:07:16.882602,1.17378,1.17386
2025-12-12 19:07:17.320900,1.17378,1.17387
2025-12-12 19:07:17.377935,1.17378,1.17386
2025-12-12 19:07:17.795272,1.17378,1.17387
2025-12-12 19:07:18.025288,1.17378,1.17386
2025-12-12 19:07:18.351421,1.17377,1.17386
2025-12-12 19:07:22.521355,1.17378,1.17386
2025-12-12 19:07:22.892713,1.17377,1.17386
2025-12-12 19:07:33.217744,1.17378,1.17386
2025-12-12 19:07:35.202334,1.17377,1.17386
2025-12-12 19:07:35.294142,1.17378,1.17386
2025-12-12 19:07:38.467125,1.17378,1.17387
2025-12-12 19:07:38.916806,1.17378,1.17386
2025-12-12 19:07:39.212162,1.17377,1.17386
2025-12-12 19:07:40.106194,1.17377,1.17385
2025-12-12 19:07:41.873498,1.17378,1.17386
2025-12-12 19:07:44.903344,1.17377,1.17385
2025-12-12 19:07:45.106157,1.17377,1.17386
2025-12-12 19:07:45.785095,1.17377,1.17385
2025-12-12 19:07:49.177158,1.17377,1.17386
2025-12-12 19:07:49.644344,1.17377,1.17385
2025-12-12 19:07:50.463288,1.17377,1.17386
2025-12-12 19:07:50.726700,1.17377,1.17385
2025-12-12 19:07:51.110873,1.17378,1.17387
2025-12-12 19:07:51.323791,1.17378,1.17386
2025-12-12 19:07:52.494017,1.17378,1.17387
2025-12-12 19:07:52.854053,1.17378,1.17388
2025-12-12 19:07:54.135902,1.17378,1.17387
2025-12-12 19:07:54.355104,1.17378,1.17388
2025-12-12 19:07:58.231105,1.17378,1.17387
2025-12-12 19:07:58.492666,1.17379,1.17388
2025-12-12 19:08:02.246299,1.17378,1.17386
2025-12-12 19:08:06.554338,1.17378,1.17387
2025-12-12 19:08:09.299374,1.17379,1.17387
2025-12-12 19:08:12.883301,1.17379,1.17388
2025-12-12 19:08:13.243472,1.17378,1.17387
2025-12-12 19:08:13.737674,1.17379,1.17388
2025-12-12 19:08:14.171960,1.17381,1.1739
2025-12-12 19:08:14.502055,1.17379,1.17389
2025-12-12 19:08:14.667339,1.17378,1.17386
2025-12-12 19:08:16.592101,1.17377,1.17386
2025-12-12 19:08:18.263210,1.17375,1.17384
2025-12-12 19:08:18.530351,1.17376,1.17384
2025-12-12 19:08:19.241118,1.17375,1.17384
2025-12-12 19:08:20.094202,1.17376,1.17384
2025-12-12 19:08:21.861269,1.17374,1.17382
2025-12-12 19:08:22.606243,1.17375,1.17383
2025-12-12 19:08:31.236690,1.17375,1.17384
2025-12-12 19:08:33.219478,1.17375,1.17383
2025-12-12 19:08:33.683414,1.17378,1.17386
2025-12-12 19:08:33.851001,1.17379,1.17387
2025-12-12 19:08:40.371757,1.17379,1.17388
2025-12-12 19:08:40.849320,1.17381,1.17389
2025-12-12 19:08:47.478835,1.1738,1.17389
2025-12-12 19:08:47.802528,1.17381,1.17389
2025-12-12 19:08:51.119841,1.1738,1.17388
2025-12-12 19:09:00.803727,1.17379,1.17388
2025-12-12 19:09:01.838688,1.17378,1.17386
2025-12-12 19:09:04.598510,1.17384,1.17393
2025-12-12 19:09:04.879952,1.17386,1.17394
2025-12-12 19:09:05.141094,1.17386,1.17395
2025-12-12 19:09:06.628859,1.17387,1.17395
2025-12-12 19:09:07.085458,1.17386,1.17395
2025-12-12 19:09:07.709570,1.17387,1.17395
2025-12-12 19:09:07.988676,1.17386,1.17395
2025-12-12 19:09:10.400410,1.17386,1.17394
2025-12-12 19:09:14.603700,1.17385,1.17394
2025-12-12 19:09:14.850162,1.17384,1.17392
2025-12-12 19:09:15.188558,1.17384,1.17393
2025-12-12 19:09:16.804349,1.17383,1.17391
2025-12-12 19:09:17.803509,1.17382,1.17391
2025-12-12 19:09:18.022180,1.17381,1.17389
2025-12-12 19:09:19.759995,1.17382,1.1739
2025-12-12 19:09:21.989341,1.17382,1.17391
2025-12-12 19:09:24.716958,1.17387,1.17395
2025-12-12 19:09:24.898205,1.17386,1.17395
2025-12-12 19:09:25.349074,1.17387,1.17395
2025-12-12 19:09:26.277194,1.17386,1.17395
2025-12-12 19:09:34.419053,1.17386,1.17394
2025-12-12 19:09:35.690062,1.17387,1.17395
2025-12-12 19:09:35.811970,1.17386,1.17394
2025-12-12 19:09:56.457422,1.17385,1.17394
2025-12-12 19:09:56.652447,1.17386,1.17394
2025-12-12 19:09:57.430361,1.17385,1.17394
2025-12-12 19:09:58.128419,1.17384,1.17392
2025-12-12 19:09:59.427084,1.17386,1.17394
2025-12-12 19:10:00.642038,1.17387,1.17395
2025-12-12 19:10:01.125886,1.17386,1.17394
2025-12-12 19:10:01.633032,1.17387,1.17395
2025-12-12 19:10:05.302450,1.17386,1.17394
2025-12-12 19:10:10.689558,1.17387,1.17395
2025-12-12 19:10:13.796511,1.17388,1.17396
2025-12-12 19:10:22.342547,1.17389,1.17398
2025-12-12 19:10:22.678815,1.1739,1.17398
2025-12-12 19:10:36.891249,1.17388,1.17397
2025-12-12 19:10:37.295210,1.17389,1.17397
2025-12-12 19:10:50.618920,1.17387,1.17396
2025-12-12 19:10:52.109849,1.17386,1.17394
2025-12-12 19:10:52.886231,1.17385,1.17394
2025-12-12 19:10:55.044778,1.17386,1.17394
2025-12-12 19:10:58.416768,1.17384,1.17393
2025-12-12 19:10:59.488587,1.17386,1.17394
2025-12-12 19:10:59.820653,1.17385,1.17393
2025-12-12 19:11:00.811028,1.17384,1.17393
2025-12-12 19:11:05.688240,1.17384,1.17392
2025-12-12 19:11:07.858012,1.17381,1.17389
2025-12-12 19:11:08.152447,1.1738,1.17389
2025-12-12 19:11:09.145292,1.17384,1.17392
2025-12-12 19:11:09.388403,1.17385,1.17394
2025-12-12 19:11:09.706012,1.17385,1.17393
2025-12-12 19:11:12.342877,1.17384,1.17393
2025-12-12 19:11:12.687028,1.17384,1.17392
2025-12-12 19:11:14.423028,1.17385,1.17393
2025-12-12 19:11:14.700417,1.17386,1.17394
2025-12-12 19:11:15.203711,1.17385,1.17394
2025-12-12 19:11:15.405142,1.17386,1.17394
2025-12-12 19:11:18.768772,1.17385,1.17394
2025-12-12 19:11:19.523574,1.17386,1.17394
2025-12-12 19:11:20.770716,1.17385,1.17394
2025-12-12 19:11:21.007436,1.17386,1.17394
2025-12-12 19:11:22.080196,1.17387,1.17395
2025-12-12 19:11:22.308997,1.17386,1.17394
2025-12-12 19:11:23.419434,1.17387,1.17395
2025-12-12 19:11:23.666988,1.17388,1.17396
2025-12-12 19:11:24.907059,1.17386,1.17395
2025-12-12 19:11:27.175639,1.17386,1.17394
2025-12-12 19:11:28.665867,1.17384,1.17393
2025-12-12 19:11:28.942467,1.17384,1.17392
2025-12-12 19:11:29.487402,1.17385,1.17393
2025-12-12 19:11:29.978748,1.17384,1.17393
2025-12-12 19:11:30.431885,1.17383,1.17391
2025-12-12 19:11:30.682095,1.17382,1.17391
2025-12-12 19:11:31.175063,1.17382,1.1739
2025-12-12 19:11:31.721823,1.1738,1.17388
2025-12-12 19:11:39.730399,1.17387,1.17395
2025-12-12 19:11:40.631828,1.17386,1.17395
2025-12-12 19:11:41.976041,1.17388,1.17396
2025-12-12 19:11:46.480295,1.1739,1.17399
2025-12-12 19:11:47.931215,1.1739,1.17398
2025-12-12 19:11:48.846607,1.1739,1.17399
2025-12-12 19:11:49.124869,1.17391,1.17399
2025-12-12 19:11:50.599212,1.1739,1.17399
2025-12-12 19:11:54.073674,1.1739,1.17398
2025-12-12 19:12:02.496198,1.1739,1.17399
2025-12-12 19:12:04.499480,1.17389,1.17397
2025-12-12 19:12:04.998259,1.1739,1.17399
2025-12-12 19:12:19.662280,1.1739,1.17398
2025-12-12 19:12:19.828564,1.17389,1.17398
2025-12-12 19:12:29.294462,1.1739,1.17399
2025-12-12 19:12:31.433507,1.17391,1.174
2025-12-12 19:12:31.695989,1.17391,1.17399
2025-12-12 19:12:37.710965,1.17391,1.174
2025-12-12 19:12:38.786261,1.17391,1.17399
2025-12-12 19:12:39.685665,1.17391,1.174
2025-12-12 19:12:47.405327,1.17392,1.17401
2025-12-12 19:12:50.099475,1.17393,1.17401
2025-12-12 19:12:57.593929,1.17392,1.17401
2025-12-12 19:12:58.094194,1.17392,1.174
2025-12-12 19:12:58.959185,1.17393,1.17401
2025-12-12 19:13:02.569189,1.17392,1.17401
2025-12-12 19:13:03.044226,1.17393,1.17401
2025-12-12 19:13:03.554727,1.17392,1.174
2025-12-12 19:13:04.021361,1.17393,1.17401
2025-12-12 19:13:06.570820,1.17392,1.174
2025-12-12 19:13:06.825378,1.17393,1.17401
2025-12-12 19:13:07.620903,1.17392,1.17401
2025-12-12 19:13:09.359400,1.17393,1.17401
2025-12-12 19:13:09.516160,1.17391,1.17399
2025-12-12 19:13:11.884491,1.17389,1.17397
2025-12-12 19:13:12.159207,1.17388,1.17396
2025-12-12 19:13:13.566848,1.17387,1.17395
2025-12-12 19:13:14.023548,1.17386,1.17395
2025-12-12 19:13:14.499468,1.17387,1.17395
2025-12-12 19:13:29.125883,1.17386,1.17395
2025-12-12 19:13:29.560342,1.17387,1.17395
2025-12-12 19:13:33.002880,1.17387,1.17396
2025-12-12 19:13:33.245056,1.17389,1.17397
2025-12-12 19:13:33.344587,1.17388,1.17396
2025-12-12 19:13:37.588428,1.17389,1.17397
2025-12-12 19:13:39.537121,1.17391,1.17399
2025-12-12 19:13:39.639979,1.1739,1.17399
2025-12-12 19:13:41.610707,1.17391,1.17399
2025-12-12 19:13:42.581080,1.1739,1.17398
2025-12-12 19:13:42.799176,1.17391,1.17401
2025-12-12 19:13:43.019944,1.17391,1.17399
2025-12-12 19:13:48.674499,1.17391,1.174
2025-12-12 19:13:50.304098,1.17391,1.17399
2025-12-12 19:13:50.518554,1.17391,1.174
2025-12-12 19:13:52.569674,1.17391,1.17399
2025-12-12 19:14:02.052604,1.17392,1.174
2025-12-12 19:14:03.194326,1.17393,1.17402
2025-12-12 19:14:06.328726,1.17391,1.17399
2025-12-12 19:14:30.281854,1.17391,1.174
2025-12-12 19:14:30.439536,1.17391,1.17399
2025-12-12 19:14:30.995193,1.17391,1.174
2025-12-12 19:14:36.525990,1.17392,1.174
2025-12-12 19:14:36.946636,1.17391,1.17399
2025-12-12 19:14:37.292748,1.17391,1.174
2025-12-12 19:14:44.834273,1.17391,1.17399
2025-12-12 19:14:57.936936,1.17388,1.17396
2025-12-12 19:14:59.218224,1.17389,1.17398
2025-12-12 19:14:59.711723,1.17388,1.17397
2025-12-12 19:15:00.116861,1.17389,1.17397
2025-12-12 19:15:01.041791,1.17391,1.174
2025-12-12 19:15:01.256101,1.17391,1.17399
2025-12-12 19:15:09.643692,1.17393,1.17401
2025-12-12 19:15:16.253100,1.17393,1.17402
2025-12-12 19:15:19.798218,1.17393,1.17401
2025-12-12 19:15:21.177221,1.17393,1.17402
2025-12-12 19:15:23.159272,1.17395,1.17404
2025-12-12 19:15:24.664246,1.17395,1.17403
2025-12-12 19:15:26.514176,1.17394,1.17403
2025-12-12 19:15:27.409188,1.17395,1.17403
2025-12-12 19:15:33.270839,1.17396,1.17404
2025-12-12 19:15:33.518644,1.17399,1.17407
2025-12-12 19:15:34.019805,1.17398,1.17407
2025-12-12 19:15:34.278084,1.17399,1.17407
2025-12-12 19:15:35.301729,1.174,1.17409
2025-12-12 19:15:36.343438,1.17401,1.17409
2025-12-12 19:15:37.001762,1.17398,1.17406
2025-12-12 19:15:39.501746,1.17397,1.17406
2025-12-12 19:15:41.812281,1.174,1.17409
2025-12-12 19:15:42.800567,1.17401,1.17409
2025-12-12 19:15:44.773792,1.174,1.17409
2025-12-12 19:15:57.419719,1.174,1.17408
2025-12-12 19:15:57.614864,1.17399,1.17407
2025-12-12 19:15:59.342017,1.17401,1.17409
2025-12-12 19:16:14.583868,1.17401,1.17411
2025-12-12 19:16:14.832389,1.17402,1.17411
2025-12-12 19:16:15.401171,1.17402,1.1741
2025-12-12 19:16:15.648331,1.17402,1.17411
2025-12-12 19:16:16.252514,1.17402,1.1741
2025-12-12 19:16:17.414415,1.17402,1.17411
2025-12-12 19:16:19.831030,1.17402,1.1741
2025-12-12 19:16:20.101401,1.17402,1.17411
2025-12-12 19:16:21.853654,1.17402,1.1741
2025-12-12 19:16:22.607220,1.17402,1.17411
2025-12-12 19:16:23.806621,1.17403,1.17411
2025-12-12 19:16:24.100733,1.17402,1.17411
2025-12-12 19:16:25.882741,1.17402,1.1741
2025-12-12 19:16:28.290895,1.17405,1.17414
2025-12-12 19:16:29.112983,1.17406,1.17414
2025-12-12 19:16:29.606222,1.17407,1.17415
2025-12-12 19:16:29.855351,1.17406,1.17414
