timestamp,bid,ask
2025-04-22 11:51:21.882125,3457.99,3458.34
2025-04-22 11:51:22.355502,3457.86,3458.21
2025-04-22 11:51:23.749853,3457.94,3458.29
2025-04-22 11:51:24.774476,3457.95,3458.3
2025-04-22 11:51:25.474783,3458.03,3458.38
2025-04-22 11:51:25.824573,3458.02,3458.37
2025-04-22 11:51:26.547236,3458.0,3458.35
2025-04-22 11:51:26.920797,3458.04,3458.39
2025-04-22 11:51:27.427810,3458.1,3458.45
2025-04-22 11:51:27.916951,3458.09,3458.44
2025-04-22 11:51:28.425318,3457.98,3458.33
2025-04-22 11:51:28.945725,3458.03,3458.38
2025-04-22 11:51:29.453467,3458.04,3458.39
2025-04-22 11:51:29.953613,3458.03,3458.38
2025-04-22 11:51:32.049595,3458.01,3458.36
2025-04-22 11:51:32.286904,3457.97,3458.32
2025-04-22 11:51:32.778149,3457.98,3458.33
2025-04-22 11:51:33.267309,3458.0,3458.35
2025-04-22 11:51:33.772340,3457.97,3458.32
2025-04-22 11:51:34.271161,3457.98,3458.33
2025-04-22 11:51:34.498660,3457.92,3458.27
2025-04-22 11:51:34.872733,3457.9,3458.25
2025-04-22 11:51:35.378085,3457.88,3458.23
2025-04-22 11:51:35.981397,3457.91,3458.26
2025-04-22 11:51:36.485530,3457.9,3458.25
2025-04-22 11:51:37.222410,3457.92,3458.27
2025-04-22 11:51:38.407685,3457.87,3458.22
2025-04-22 11:51:38.898788,3458.16,3458.51
2025-04-22 11:51:39.056190,3458.34,3458.69
2025-04-22 11:51:39.873176,3458.3,3458.65
2025-04-22 11:51:40.606522,3458.35,3458.7
2025-04-22 11:51:41.430758,3458.45,3458.8
2025-04-22 11:51:41.931178,3458.35,3458.7
2025-04-22 11:51:42.144082,3458.28,3458.63
2025-04-22 11:51:42.390315,3458.5,3458.85
2025-04-22 11:51:42.680871,3458.92,3459.27
2025-04-22 11:51:43.016195,3459.03,3459.38
2025-04-22 11:51:43.514317,3459.08,3459.43
2025-04-22 11:51:43.755518,3459.1,3459.45
2025-04-22 11:51:44.328873,3459.25,3459.6
2025-04-22 11:51:45.021576,3459.37,3459.72
2025-04-22 11:51:45.525193,3459.36,3459.71
2025-04-22 11:51:45.789925,3459.47,3459.82
2025-04-22 11:51:46.221835,3459.46,3459.81
2025-04-22 11:51:46.829691,3459.42,3459.77
2025-04-22 11:51:49.023655,3459.38,3459.73
2025-04-22 11:51:49.314906,3459.37,3459.72
2025-04-22 11:51:51.131185,3459.38,3459.73
2025-04-22 11:51:51.445009,3459.46,3459.81
2025-04-22 11:51:51.725307,3459.59,3459.94
2025-04-22 11:51:51.972141,3459.54,3459.89
2025-04-22 11:51:52.374715,3459.46,3459.81
2025-04-22 11:51:53.125091,3459.45,3459.8
2025-04-22 11:51:53.928824,3459.51,3459.86
2025-04-22 11:51:54.017872,3459.39,3459.74
2025-04-22 11:51:54.545660,3459.37,3459.72
2025-04-22 11:51:54.964062,3459.28,3459.63
2025-04-22 11:51:55.310353,3459.31,3459.66
2025-04-22 11:51:55.544987,3459.49,3459.84
2025-04-22 11:51:56.363127,3459.77,3460.12
2025-04-22 11:51:56.791821,3459.8,3460.15
2025-04-22 11:51:57.214168,3459.79,3460.14
2025-04-22 11:51:57.648717,3459.8,3460.15
2025-04-22 11:51:58.159421,3459.81,3460.16
2025-04-22 11:51:58.581382,3459.89,3460.24
2025-04-22 11:51:58.874914,3459.98,3460.33
2025-04-22 11:51:59.662229,3460.11,3460.46
2025-04-22 11:52:00.594081,3460.05,3460.4
2025-04-22 11:52:01.446045,3460.11,3460.46
2025-04-22 11:52:01.949790,3460.14,3460.49
2025-04-22 11:52:02.132390,3460.15,3460.5
2025-04-22 11:52:02.643463,3460.21,3460.56
2025-04-22 11:52:02.815818,3460.15,3460.5
2025-04-22 11:52:03.282973,3460.32,3460.67
2025-04-22 11:52:03.812439,3460.33,3460.68
2025-04-22 11:52:04.065264,3459.81,3460.16
2025-04-22 11:52:05.008014,3459.83,3460.18
2025-04-22 11:52:05.587080,3459.85,3460.2
2025-04-22 11:52:06.101609,3459.88,3460.23
2025-04-22 11:52:06.803546,3459.86,3460.21
2025-04-22 11:52:07.412404,3459.81,3460.16
2025-04-22 11:52:07.882116,3459.83,3460.18
2025-04-22 11:52:08.368443,3459.85,3460.2
2025-04-22 11:52:08.704207,3459.89,3460.24
2025-04-22 11:52:08.916995,3459.87,3460.22
2025-04-22 11:52:09.340405,3459.85,3460.2
2025-04-22 11:52:09.849143,3459.86,3460.21
2025-04-22 11:52:10.132498,3459.84,3460.19
2025-04-22 11:52:10.464393,3459.75,3460.1
2025-04-22 11:52:11.074289,3459.77,3460.12
2025-04-22 11:52:11.401973,3459.76,3460.11
2025-04-22 11:52:11.796376,3459.74,3460.09
2025-04-22 11:52:12.265905,3459.7,3460.05
2025-04-22 11:52:12.758562,3459.68,3460.03
2025-04-22 11:52:13.343756,3459.63,3459.98
2025-04-22 11:52:13.702053,3459.61,3459.96
2025-04-22 11:52:14.016082,3459.56,3459.91
2025-04-22 11:52:14.622442,3459.57,3459.92
2025-04-22 11:52:15.133823,3459.53,3459.88
2025-04-22 11:52:15.647276,3459.43,3459.78
2025-04-22 11:52:16.229896,3459.54,3459.89
2025-04-22 11:52:16.401635,3459.72,3460.07
2025-04-22 11:52:16.917792,3459.68,3460.03
2025-04-22 11:52:17.219037,3459.58,3459.93
2025-04-22 11:52:17.722858,3459.64,3459.99
2025-04-22 11:52:18.520745,3459.44,3459.79
2025-04-22 11:52:18.843212,3459.45,3459.8
2025-04-22 11:52:19.246979,3459.56,3459.91
2025-04-22 11:52:19.841762,3459.69,3460.04
2025-04-22 11:52:20.463763,3459.7,3460.05
2025-04-22 11:52:21.039511,3459.67,3460.02
2025-04-22 11:52:21.648819,3459.89,3460.24
2025-04-22 11:52:21.905196,3459.95,3460.3
2025-04-22 11:52:22.704316,3460.06,3460.41
2025-04-22 11:52:23.009857,3460.09,3460.44
2025-04-22 11:52:23.440038,3460.08,3460.43
2025-04-22 11:52:23.936136,3460.11,3460.46
2025-04-22 11:52:24.223391,3460.1,3460.45
2025-04-22 11:52:24.455873,3459.92,3460.27
2025-04-22 11:52:25.370617,3459.9,3460.25
2025-04-22 11:52:25.852108,3459.89,3460.24
2025-04-22 11:52:26.355198,3459.87,3460.22
2025-04-22 11:52:26.654555,3459.93,3460.28
2025-04-22 11:52:27.190245,3459.97,3460.32
2025-04-22 11:52:27.944848,3460.01,3460.36
2025-04-22 11:52:28.311959,3460.03,3460.38
2025-04-22 11:52:28.806772,3460.13,3460.48
2025-04-22 11:52:29.318627,3460.1,3460.45
2025-04-22 12:15:44.993370,3458.79,3459.14
2025-04-22 12:15:45.434032,3458.9,3459.25
2025-04-22 12:15:45.941570,3458.93,3459.28
2025-04-22 12:15:45.995481,3458.85,3459.2
2025-04-22 12:15:46.442460,3458.97,3459.32
2025-04-22 12:15:46.854029,3458.94,3459.29
2025-04-22 12:15:47.358559,3458.99,3459.34
2025-04-22 12:15:47.865075,3458.87,3459.22
2025-04-22 12:15:48.095912,3458.9,3459.25
2025-04-22 12:15:48.593126,3459.55,3459.9
2025-04-22 12:15:49.091657,3459.3,3459.65
2025-04-22 12:15:49.883998,3459.2,3459.55
2025-04-22 12:15:50.117157,3459.27,3459.62
2025-04-22 12:15:50.627433,3459.34,3459.69
2025-04-22 12:15:50.965479,3459.44,3459.79
2025-04-22 12:15:51.306147,3459.4,3459.75
2025-04-22 12:15:51.816973,3459.42,3459.77
2025-04-22 12:15:52.536213,3459.58,3459.93
2025-04-22 12:15:52.911025,3459.65,3460.0
2025-04-22 12:15:54.187097,3459.73,3460.08
2025-04-22 12:15:54.543559,3459.72,3460.07
2025-04-22 12:15:54.794616,3459.7,3460.05
2025-04-22 12:15:55.305562,3459.63,3459.98
2025-04-22 12:15:55.829405,3459.52,3459.87
2025-04-22 12:15:56.159518,3459.53,3459.88
2025-04-22 12:15:56.541702,3459.64,3459.99
2025-04-22 12:15:57.634290,3459.7,3460.05
2025-04-22 12:15:58.589536,3459.71,3460.06
2025-04-22 12:15:58.836866,3459.7,3460.05
2025-04-22 12:15:59.099033,3459.63,3459.98
2025-04-22 12:16:00.226810,3459.67,3460.02
2025-04-22 12:16:00.985295,3459.68,3460.03
2025-04-22 12:16:01.311253,3459.69,3460.04
2025-04-22 12:16:02.058777,3459.7,3460.05
2025-04-22 12:16:02.403577,3459.66,3460.01
2025-04-22 20:55:03.442700,3382.05,3382.4
2025-04-22 20:55:05.424292,3382.0,3382.35
2025-04-22 20:55:06.259157,3382.02,3382.37
2025-04-22 20:55:07.505700,3381.94,3382.37
2025-04-22 20:55:10.093929,3381.97,3382.32
2025-04-22 20:55:10.856729,3381.55,3381.9
2025-04-22 20:55:12.270466,3381.42,3381.85
2025-04-22 20:55:12.763719,3381.4,3381.75
2025-04-22 20:55:13.269146,3381.48,3381.83
2025-04-22 20:55:15.682666,3381.47,3381.82
2025-04-22 20:55:16.988261,3381.48,3381.83
2025-04-22 20:55:18.773523,3381.46,3381.81
2025-04-22 20:55:23.392117,3381.48,3381.83
2025-04-22 20:55:23.890245,3381.47,3381.82
2025-04-22 20:55:25.198623,3381.18,3381.53
2025-04-22 20:55:25.682619,3381.25,3381.6
2025-04-22 20:55:29.660786,3381.24,3381.59
2025-04-22 20:55:30.160907,3381.13,3381.48
2025-04-22 20:55:30.647580,3381.27,3381.62
2025-04-22 20:55:31.958135,3381.3,3381.65
2025-04-22 20:55:32.954347,3381.34,3381.69
2025-04-22 20:55:33.454232,3381.39,3381.74
2025-04-22 20:55:38.134171,3381.41,3381.76
2025-04-22 20:55:39.162244,3381.39,3381.74
2025-04-22 20:55:43.860957,3381.28,3381.63
2025-04-22 20:55:44.905242,3381.16,3381.51
2025-04-22 20:55:45.906391,3381.19,3381.54
2025-04-22 20:55:46.937550,3381.06,3381.41
2025-04-22 20:55:48.207099,3380.91,3381.26
2025-04-22 20:55:48.704284,3380.95,3381.3
2025-04-22 20:55:49.689171,3381.0,3381.35
2025-04-22 20:55:50.087478,3381.1,3381.45
2025-04-22 20:55:56.716699,3381.08,3381.43
2025-04-22 20:55:59.604750,3381.1,3381.45
2025-04-22 20:56:00.606694,3381.09,3381.44
2025-04-22 20:56:04.339138,3381.05,3381.4
2025-04-22 20:56:06.246678,3381.06,3381.41
2025-04-22 20:56:10.243586,3381.07,3381.42
2025-04-22 20:56:16.873645,3381.05,3381.4
2025-04-22 20:56:18.217981,3381.63,3381.98
2025-04-22 20:56:19.049603,3381.71,3382.06
2025-04-22 20:56:19.318227,3381.74,3382.09
2025-04-22 20:56:20.315492,3381.71,3382.06
2025-04-22 20:56:21.727218,3381.68,3382.03
2025-04-22 20:56:22.821360,3381.53,3381.88
2025-04-22 20:56:26.869135,3381.52,3381.87
2025-04-22 20:56:27.369887,3381.51,3381.86
2025-04-22 20:56:27.881911,3381.32,3381.67
2025-04-22 20:56:28.390443,3381.48,3381.83
2025-04-22 20:56:31.244792,3381.43,3381.78
2025-04-22 20:56:31.707646,3381.42,3381.77
2025-04-22 20:56:33.371152,3381.38,3381.73
2025-04-22 20:56:34.197460,3381.29,3381.64
2025-04-22 20:56:37.818791,3381.3,3381.65
2025-04-22 20:56:39.308155,3381.31,3381.66
2025-04-22 20:56:42.458317,3381.3,3381.65
2025-04-22 20:56:46.956154,3381.23,3381.58
2025-04-22 20:56:53.467521,3381.21,3381.56
2025-04-22 20:56:59.144991,3381.2,3381.55
2025-04-22 20:56:59.638247,3381.02,3381.37
2025-04-22 20:57:00.138302,3380.96,3381.31
2025-04-22 20:57:00.642996,3380.82,3381.17
2025-04-22 20:57:01.652157,3380.79,3381.14
2025-04-22 20:57:04.772835,3380.8,3381.15
2025-04-22 20:57:05.454122,3380.98,3381.33
2025-04-22 20:57:05.946863,3381.17,3381.52
2025-04-22 20:57:07.048166,3381.13,3381.48
2025-04-22 20:57:11.193481,3381.12,3381.47
2025-04-22 20:57:11.691123,3381.15,3381.5
2025-04-22 20:57:12.229299,3380.93,3381.28
2025-04-22 20:57:12.731374,3381.05,3381.4
2025-04-22 20:57:13.234132,3381.11,3381.46
2025-04-22 20:57:19.171757,3381.1,3381.45
2025-04-22 20:57:20.169191,3381.06,3381.41
2025-04-22 20:57:20.731362,3381.15,3381.5
2025-04-22 20:57:22.448864,3381.18,3381.53
2025-04-22 20:57:22.946449,3381.14,3381.49
2025-04-22 20:57:25.738682,3381.12,3381.47
2025-04-22 20:57:29.036100,3381.13,3381.48
2025-04-22 20:57:29.531588,3381.18,3381.53
2025-04-22 20:57:30.036133,3381.26,3381.61
2025-04-22 20:57:30.620948,3381.27,3381.62
2025-04-22 20:57:31.445297,3381.29,3381.64
2025-04-22 20:57:33.040054,3381.3,3381.65
2025-04-22 20:57:34.039274,3381.26,3381.61
2025-04-22 20:57:35.231526,3381.31,3381.66
2025-04-22 20:57:36.235645,3381.27,3381.62
2025-04-22 20:57:40.919979,3381.36,3381.71
2025-04-22 20:57:41.177296,3381.4,3381.75
2025-04-22 20:57:41.677932,3381.49,3381.84
2025-04-22 20:57:43.939492,3381.43,3381.78
2025-04-22 20:57:47.453150,3381.38,3381.73
2025-04-22 20:57:49.740548,3381.52,3381.87
2025-04-22 20:57:51.241054,3381.5,3381.85
2025-04-22 20:57:53.604078,3381.34,3381.69
2025-04-22 20:57:54.453555,3381.31,3381.66
2025-04-22 20:57:54.952518,3381.28,3381.63
2025-04-22 20:57:55.446607,3381.29,3381.64
2025-04-22 20:57:57.737374,3381.27,3381.62
2025-04-22 20:57:58.988656,3381.24,3381.59
2025-04-22 20:57:59.550949,3381.18,3381.53
2025-04-22 20:58:00.371194,3381.14,3381.49
2025-04-22 20:58:01.286937,3381.07,3381.82
2025-04-22 20:58:02.043779,3381.12,3381.87
2025-04-22 20:58:02.972284,3381.08,3381.83
2025-04-22 20:58:03.470971,3381.08,3381.82
2025-04-22 20:58:04.455931,3381.14,3381.88
2025-04-22 20:58:04.946919,3381.12,3381.9
2025-04-22 20:58:05.447971,3381.26,3382.0
2025-04-22 20:58:09.513733,3381.27,3382.02
2025-04-22 20:58:12.365580,3381.37,3382.11
2025-04-22 20:58:12.877803,3381.36,3382.1
2025-04-22 20:58:14.978640,3381.37,3382.14
2025-04-22 20:58:15.468356,3381.16,3381.9
2025-04-22 20:58:16.779862,3381.09,3381.92
2025-04-22 20:58:17.047696,3380.93,3381.7
2025-04-22 20:58:18.238926,3380.94,3381.7
2025-04-22 20:58:19.828953,3380.78,3381.56
2025-04-22 20:58:20.323648,3380.8,3381.59
2025-04-22 20:58:20.835632,3380.73,3381.54
2025-04-22 20:58:21.216785,3380.74,3381.53
2025-04-22 20:58:21.361199,3380.72,3381.53
2025-04-22 20:58:21.807357,3380.65,3381.53
2025-04-22 20:58:22.319522,3380.7,3381.46
2025-04-22 20:58:22.807730,3380.8,3381.64
2025-04-22 20:58:24.530227,3380.83,3381.63
2025-04-22 20:58:25.091950,3380.75,3381.54
2025-04-22 20:58:25.388244,3380.8,3381.55
2025-04-22 20:58:26.499310,3380.79,3381.54
2025-04-22 20:58:26.996794,3380.74,3381.52
2025-04-22 20:58:29.090051,3380.86,3381.62
2025-04-22 20:58:30.094762,3380.83,3381.63
2025-04-22 20:58:30.593046,3380.78,3381.54
2025-04-22 20:58:31.098373,3380.54,3381.61
2025-04-22 20:58:32.598442,3380.87,3381.62
2025-04-22 20:58:34.011054,3380.86,3381.61
2025-04-22 20:58:36.746020,3380.78,3381.53
2025-04-22 20:58:40.688496,3380.86,3381.76
2025-04-22 20:58:44.259646,3380.84,3381.62
2025-04-22 20:58:49.218699,3380.83,3381.62
2025-04-22 20:58:49.958537,3380.89,3381.64
2025-04-22 20:58:50.452180,3380.84,3381.75
2025-04-22 20:58:50.948180,3380.91,3381.66
2025-04-22 20:58:51.203321,3380.9,3381.67
2025-04-22 20:58:55.208085,3381.08,3381.87
2025-04-22 20:58:55.705784,3381.15,3381.9
2025-04-22 20:58:57.066502,3381.19,3382.0
2025-04-22 20:58:57.481580,3381.15,3381.91
2025-04-22 20:58:57.882752,3381.16,3381.92
2025-04-22 22:00:31.937263,3322.99,3325.72
2025-04-22 22:00:32.214671,3320.92,3323.67
2025-04-22 22:00:32.522452,3322.0,3325.19
2025-04-22 22:00:32.744007,3322.43,3324.72
2025-04-22 22:00:33.256647,3321.54,3323.83
2025-04-22 22:00:33.642203,3319.84,3322.13
2025-04-22 22:00:33.884303,3321.72,3323.85
2025-04-22 22:00:34.148362,3321.85,3324.34
2025-04-22 22:00:34.350473,3321.89,3324.38
2025-04-22 22:00:34.458063,3321.07,3323.2
2025-04-22 22:00:34.796431,3321.39,3323.68
2025-04-22 22:00:34.941624,3320.75,3323.04
2025-04-22 22:00:35.197483,3321.14,3323.19
2025-04-22 22:00:35.559593,3320.18,3322.75
2025-04-22 22:00:35.880719,3322.02,3324.07
2025-04-22 22:00:35.972883,3319.95,3322.0
2025-04-22 22:00:36.927255,3318.09,3320.62
2025-04-22 22:00:37.428868,3317.23,3319.52
2025-04-22 22:00:37.959312,3315.59,3318.08
2025-04-22 22:00:38.076100,3316.22,3318.27
2025-04-22 22:00:38.601445,3316.64,3318.69
2025-04-22 22:00:39.750123,3319.08,3321.13
2025-04-22 22:00:39.982839,3319.09,3321.14
2025-04-22 22:00:40.217055,3318.12,3320.17
2025-04-22 22:00:40.700443,3316.55,3318.6
2025-04-22 22:00:41.326088,3315.4,3317.45
2025-04-22 22:00:42.604786,3314.77,3317.6
2025-04-22 22:00:42.804673,3315.31,3317.36
2025-04-22 22:00:43.300687,3313.77,3315.9
2025-04-22 22:00:43.443861,3313.74,3315.79
2025-04-22 22:00:43.723952,3316.13,3318.18
2025-04-22 22:00:44.217980,3317.18,3319.23
2025-04-22 22:00:44.499458,3316.91,3318.96
2025-04-22 22:00:44.737362,3316.57,3318.62
2025-04-22 22:00:45.090490,3316.86,3318.91
2025-04-22 22:00:45.336304,3320.17,3322.22
2025-04-22 22:00:45.653843,3319.14,3321.19
2025-04-22 22:00:46.155604,3319.44,3321.49
2025-04-22 22:00:47.721640,3315.22,3317.27
2025-04-22 22:00:48.078718,3315.1,3317.15
2025-04-22 22:00:48.465508,3315.67,3317.72
2025-04-22 22:00:48.690199,3315.6,3317.65
2025-04-22 22:00:48.934187,3315.69,3317.74
2025-04-22 22:00:49.398712,3315.63,3317.68
2025-04-22 22:00:49.471699,3316.3,3318.35
2025-04-22 22:00:49.676574,3315.53,3317.58
2025-04-22 22:00:49.881325,3315.69,3317.74
2025-04-22 22:00:50.165073,3315.78,3317.83
2025-04-22 22:00:50.676530,3315.82,3317.87
2025-04-22 22:00:50.970192,3315.93,3317.98
2025-04-22 22:00:51.169513,3315.56,3317.61
2025-04-22 22:00:51.681253,3315.43,3317.48
2025-04-22 22:00:51.939882,3314.8,3316.85
2025-04-22 22:00:52.206924,3316.96,3319.01
2025-04-22 22:00:52.450767,3316.99,3319.04
2025-04-22 22:00:52.791471,3316.58,3318.63
2025-04-22 22:00:53.021443,3313.68,3315.73
2025-04-22 22:00:53.374757,3314.05,3316.1
2025-04-22 22:00:53.625193,3313.78,3315.83
2025-04-22 22:00:53.988141,3313.44,3315.49
2025-04-22 22:00:54.711006,3317.67,3319.72
2025-04-22 22:00:55.167406,3320.0,3322.05
2025-04-22 22:00:55.446023,3318.59,3320.64
2025-04-22 22:00:55.760477,3318.26,3320.31
2025-04-22 22:00:56.068565,3319.25,3321.3
2025-04-22 22:00:56.436298,3319.18,3321.23
2025-04-22 22:00:56.701165,3317.8,3319.85
2025-04-22 22:00:56.968588,3318.66,3320.71
2025-04-22 22:00:57.439453,3319.33,3321.38
2025-04-22 22:00:57.682872,3319.14,3321.19
2025-04-22 22:00:57.954536,3318.94,3320.99
2025-04-22 22:00:58.184438,3319.01,3321.06
2025-04-22 22:00:58.761174,3320.95,3323.0
2025-04-22 22:00:59.185346,3319.29,3321.34
2025-04-22 22:00:59.714574,3319.77,3321.53
2025-04-22 22:00:59.942760,3319.67,3321.69
2025-04-22 22:01:00.195451,3321.41,3323.46
2025-04-22 22:01:00.458336,3322.5,3324.55
2025-04-22 22:01:00.759269,3322.14,3324.19
2025-04-22 22:01:00.975280,3322.19,3324.24
2025-04-22 22:01:01.460078,3322.31,3324.36
2025-04-22 22:01:01.788698,3325.55,3327.6
2025-04-22 22:01:04.367082,3329.8,3331.85
2025-04-22 22:01:04.875443,3331.08,3333.13
2025-04-22 22:01:07.752457,3327.17,3329.22
2025-04-22 22:01:08.245290,3327.26,3329.31
2025-04-22 22:01:08.367913,3326.8,3328.85
2025-04-22 22:01:09.663159,3327.25,3329.3
2025-04-22 22:01:10.099522,3327.45,3329.5
2025-04-22 22:01:10.738316,3330.66,3332.71
2025-04-22 22:01:11.114859,3330.02,3331.8
2025-04-22 22:01:11.609208,3330.36,3332.41
2025-04-22 22:01:11.909281,3330.75,3332.8
2025-04-22 22:01:12.150130,3329.47,3331.52
2025-04-22 22:01:12.443779,3330.42,3332.47
2025-04-22 22:01:12.830277,3329.48,3331.53
2025-04-22 22:01:12.962521,3329.14,3331.19
2025-04-22 22:01:13.470729,3329.17,3331.22
2025-04-22 22:01:13.756904,3329.33,3331.38
2025-04-22 22:01:14.261944,3328.98,3331.03
2025-04-22 22:01:14.414011,3329.24,3331.1
2025-04-22 22:01:14.736591,3328.88,3330.93
2025-04-22 22:01:15.113700,3328.69,3330.74
2025-04-22 22:01:15.433097,3328.52,3330.57
2025-04-22 22:01:15.937621,3328.51,3330.56
2025-04-22 22:01:16.138846,3328.62,3330.67
2025-04-22 22:01:16.357048,3328.34,3330.39
2025-04-22 22:01:16.748634,3327.69,3329.74
2025-04-22 22:01:17.259875,3327.53,3329.58
2025-04-22 22:01:17.492244,3327.1,3329.15
2025-04-22 22:01:17.754068,3326.42,3328.55
2025-04-22 22:01:18.134681,3326.45,3328.5
2025-04-22 22:01:18.610298,3326.32,3328.37
2025-04-22 22:01:18.826003,3326.99,3329.04
2025-04-22 22:01:19.045940,3327.15,3328.76
2025-04-22 22:01:19.293581,3327.37,3329.01
2025-04-22 22:01:19.790682,3328.39,3330.3
2025-04-22 22:01:19.985607,3328.4,3329.97
2025-04-22 22:01:20.233519,3328.5,3330.12
2025-04-22 22:01:20.730917,3328.94,3329.57
2025-04-22 22:01:21.332953,3329.18,3330.34
2025-04-22 22:01:21.557132,3329.13,3330.43
2025-04-22 22:01:21.790793,3329.28,3330.08
2025-04-22 22:01:22.054870,3329.24,3330.52
2025-04-22 22:01:22.406976,3328.85,3329.64
2025-04-22 22:01:22.613441,3328.69,3329.91
2025-04-22 22:01:23.119685,3328.5,3330.12
2025-04-22 22:01:23.421992,3328.14,3329.9
2025-04-22 22:01:23.656582,3328.13,3329.99
2025-04-22 22:01:35.176870,3329.09,3330.23
2025-04-22 22:01:35.412315,3329.44,3330.25
2025-04-22 22:01:35.881839,3329.46,3330.22
2025-04-22 22:01:36.117792,3329.75,3331.28
2025-04-22 22:01:36.509768,3329.65,3330.88
2025-04-22 22:01:36.804684,3329.63,3330.5
2025-04-22 22:01:37.025305,3329.63,3330.32
2025-04-22 22:01:37.196834,3329.88,3330.36
2025-04-22 22:01:38.337636,3329.88,3330.35
2025-04-22 22:01:39.000368,3329.88,3330.34
2025-04-22 22:01:39.454106,3330.27,3330.66
2025-04-22 22:01:39.749708,3330.35,3330.7
2025-04-22 22:01:40.532730,3330.75,3332.38
2025-04-22 22:01:40.793643,3330.75,3331.93
2025-04-22 22:01:41.071141,3330.44,3332.0
2025-04-22 22:01:41.403247,3330.48,3331.98
2025-04-22 22:01:41.619655,3330.38,3331.66
2025-04-22 22:01:41.874853,3330.38,3331.69
2025-04-22 22:01:42.315536,3331.15,3331.5
2025-04-22 22:01:42.645790,3331.43,3332.29
2025-04-22 22:01:42.863974,3331.58,3332.88
2025-04-22 22:01:43.228595,3331.02,3332.18
2025-04-22 22:01:43.524300,3331.5,3332.36
2025-04-22 22:01:44.006060,3332.59,3334.64
2025-04-22 22:01:44.115889,3331.87,3332.77
2025-04-22 22:01:44.342630,3331.87,3332.85
2025-04-22 22:01:44.729803,3332.84,3333.66
2025-04-22 22:01:45.006123,3332.67,3333.67
2025-04-22 22:01:45.281568,3335.47,3337.52
2025-04-22 22:01:45.506227,3335.11,3337.16
2025-04-22 22:01:45.723320,3334.55,3335.38
2025-04-22 22:01:45.927044,3335.67,3337.72
2025-04-22 22:01:46.414134,3333.9,3335.95
2025-04-22 22:01:46.484639,3336.14,3338.19
2025-04-22 22:01:46.749425,3335.16,3335.66
2025-04-22 22:01:46.977420,3335.66,3336.5
2025-04-22 22:01:47.394804,3336.75,3337.4
2025-04-22 22:01:47.850010,3336.31,3337.56
2025-04-22 22:01:48.148545,3336.68,3337.5
2025-04-22 22:01:48.392073,3337.09,3337.44
2025-04-22 22:01:48.722381,3337.57,3338.57
2025-04-22 22:01:49.012981,3337.62,3338.47
2025-04-22 22:01:49.244342,3337.76,3339.06
2025-04-22 22:01:49.468186,3338.0,3339.01
2025-04-22 22:01:49.886020,3340.38,3342.43
2025-04-22 22:01:50.098141,3338.44,3340.32
2025-04-22 22:01:50.366128,3339.29,3341.34
2025-04-22 22:01:50.552504,3339.77,3341.82
2025-04-22 22:01:50.832811,3339.35,3341.4
2025-04-22 22:01:51.072902,3339.98,3342.03
2025-04-22 22:01:51.345089,3338.35,3340.4
2025-04-22 22:01:51.764986,3338.34,3339.53
2025-04-22 22:01:52.034175,3337.76,3339.59
2025-04-22 22:01:52.331042,3337.86,3339.73
2025-04-22 22:01:52.535568,3337.68,3338.79
2025-04-22 22:01:52.759271,3337.97,3339.48
2025-04-22 22:01:52.901511,3338.1,3340.03
2025-04-22 22:01:53.011987,3337.92,3339.22
2025-04-22 22:01:53.226266,3337.84,3339.07
2025-04-22 22:01:53.715968,3338.25,3338.85
2025-04-22 22:01:54.204717,3339.46,3340.32
2025-04-22 22:01:54.332417,3339.46,3339.94
2025-04-22 22:01:54.824266,3339.21,3340.01
2025-04-22 22:01:54.934255,3339.23,3339.81
2025-04-22 22:01:55.117688,3340.64,3340.99
2025-04-22 22:01:55.391211,3340.65,3341.0
2025-04-22 22:01:55.773810,3340.64,3341.49
2025-04-22 22:01:55.942382,3340.77,3341.18
2025-04-22 22:01:56.478321,3340.64,3341.52
2025-04-22 22:01:56.801396,3341.64,3343.69
2025-04-22 22:01:56.923466,3341.84,3343.89
2025-04-22 22:01:57.727900,3341.5,3343.23
2025-04-22 22:01:57.835090,3341.75,3343.27
2025-04-22 22:01:58.102045,3342.75,3343.94
2025-04-22 22:01:58.526641,3342.53,3343.76
2025-04-22 22:01:58.858525,3342.74,3343.59
2025-04-22 22:01:58.935713,3341.54,3343.59
2025-04-22 22:01:59.030590,3341.62,3343.61
2025-04-22 22:01:59.203281,3342.36,3343.78
2025-04-22 22:01:59.436740,3341.54,3343.64
2025-04-22 22:01:59.669688,3341.65,3343.15
2025-04-22 22:01:59.794463,3342.0,3342.66
2025-04-22 22:02:00.026925,3341.81,3343.86
2025-04-22 22:02:00.420961,3342.06,3344.11
2025-04-22 22:02:00.697137,3343.08,3344.03
2025-04-22 22:02:01.016727,3342.96,3344.65
2025-04-22 22:02:01.221629,3343.89,3344.5
2025-04-22 22:02:01.504264,3344.04,3344.85
2025-04-22 22:02:01.835944,3343.88,3345.03
2025-04-22 22:02:02.103639,3343.75,3344.8
2025-04-22 22:02:02.400714,3343.14,3344.44
2025-04-22 22:02:02.673452,3343.26,3344.19
2025-04-22 22:02:02.914711,3343.41,3344.49
2025-04-22 22:02:03.149296,3342.57,3344.34
2025-04-22 22:02:03.320736,3342.47,3343.25
2025-04-22 22:02:03.686161,3342.66,3344.16
2025-04-22 22:02:04.000407,3342.65,3343.42
2025-04-22 22:02:04.260227,3342.67,3343.42
2025-04-22 22:02:04.485924,3343.01,3344.35
2025-04-22 22:02:04.591564,3343.17,3344.38
2025-04-22 22:02:04.702039,3342.32,3343.97
2025-04-22 22:02:05.040536,3342.56,3343.28
2025-04-22 22:02:05.369030,3342.87,3343.9
2025-04-22 22:02:05.677739,3340.53,3341.92
2025-04-22 22:02:05.888806,3339.17,3340.32
2025-04-22 22:02:06.125124,3339.02,3340.31
2025-04-22 22:02:06.456221,3338.72,3340.33
2025-04-22 22:02:06.647579,3339.08,3340.81
2025-04-22 22:02:06.715606,3339.08,3340.58
2025-04-22 22:02:06.985669,3339.17,3340.55
2025-04-22 22:02:07.210098,3339.17,3340.75
2025-04-22 22:02:07.346118,3339.69,3341.32
2025-04-22 22:02:07.458038,3339.44,3341.32
2025-04-22 22:02:07.617446,3339.95,3341.82
2025-04-22 22:02:07.680914,3340.04,3341.64
2025-04-22 22:02:07.895599,3340.17,3342.13
2025-04-22 22:02:08.186294,3340.37,3342.42
2025-04-22 22:02:08.417174,3341.48,3342.69
2025-04-22 22:02:08.598535,3340.78,3342.83
2025-04-22 22:02:08.882401,3340.25,3342.28
2025-04-22 22:02:09.131338,3340.45,3342.38
2025-04-22 22:02:09.363579,3340.45,3341.26
2025-04-22 22:02:09.603320,3340.39,3342.44
2025-04-22 22:02:09.776074,3340.82,3342.53
2025-04-22 22:02:10.062395,3341.0,3342.62
2025-04-22 22:02:10.232229,3340.8,3342.83
2025-04-22 22:02:10.300568,3341.5,3343.55
2025-04-22 22:02:10.499202,3341.67,3343.72
2025-04-22 22:02:10.574468,3341.62,3343.67
2025-04-22 22:02:10.734610,3341.25,3342.73
2025-04-22 22:02:11.013083,3337.96,3339.61
2025-04-22 22:02:11.168199,3339.06,3340.3
2025-04-22 22:02:11.551896,3339.54,3340.16
2025-04-22 22:02:11.601766,3339.38,3340.18
2025-04-22 22:02:11.803396,3339.29,3339.64
2025-04-22 22:02:11.896990,3339.38,3340.12
2025-04-22 22:02:12.115525,3339.49,3339.84
2025-04-22 22:02:12.267181,3339.54,3339.89
2025-04-22 22:02:12.584362,3339.12,3340.72
2025-04-22 22:02:12.850583,3339.22,3339.95
2025-04-22 22:02:13.199643,3339.36,3340.13
2025-04-22 22:02:13.467942,3339.35,3339.87
2025-04-22 22:02:13.720145,3338.72,3339.31
2025-04-22 22:02:13.853674,3338.24,3339.07
2025-04-22 22:02:14.133003,3338.19,3339.07
2025-04-22 22:02:14.243607,3338.15,3338.96
2025-04-22 22:02:14.491110,3338.34,3338.89
2025-04-22 22:02:14.811133,3337.42,3338.49
2025-04-22 22:02:15.093774,3337.67,3338.63
2025-04-22 22:02:16.001595,3337.43,3338.42
2025-04-22 22:02:16.207046,3337.44,3338.46
2025-04-22 22:02:16.482669,3337.14,3338.61
2025-04-22 22:02:16.866516,3337.12,3338.46
2025-04-22 22:02:17.090303,3337.25,3338.43
2025-04-22 22:02:17.318948,3337.04,3338.46
2025-04-22 22:02:17.995550,3333.42,3335.47
2025-04-22 22:02:18.249244,3334.74,3336.79
2025-04-22 22:02:18.566266,3334.46,3336.51
2025-04-22 22:02:18.823209,3334.23,3335.86
2025-04-22 22:02:19.169989,3334.23,3336.09
2025-04-22 22:02:19.465225,3334.01,3335.83
2025-04-22 22:02:19.664220,3334.0,3336.05
2025-04-22 22:02:19.897326,3333.94,3335.69
2025-04-22 22:02:20.224218,3334.21,3335.82
2025-04-22 22:02:20.444738,3334.56,3336.2
2025-04-22 22:02:20.680259,3334.64,3336.0
2025-04-22 22:02:21.290552,3334.2,3335.68
2025-04-22 22:02:21.643290,3334.31,3335.8
2025-04-22 22:02:21.926692,3334.46,3335.97
2025-04-22 22:02:22.192748,3335.16,3336.76
2025-04-22 22:02:23.403919,3335.64,3336.76
2025-04-22 22:02:24.007305,3335.46,3336.57
2025-04-22 22:02:24.257933,3335.65,3336.7
2025-04-22 22:02:24.459885,3335.81,3336.76
2025-04-22 22:02:24.918768,3335.41,3336.66
2025-04-22 22:02:25.328900,3335.84,3336.62
2025-04-22 22:02:25.796232,3336.07,3336.74
2025-04-22 22:02:26.642355,3335.58,3336.76
2025-04-22 22:02:26.898325,3335.51,3336.74
2025-04-22 22:02:27.227856,3335.79,3336.61
2025-04-22 22:02:27.449616,3335.43,3336.53
2025-04-22 22:02:27.647950,3335.25,3336.53
2025-04-22 22:02:28.177921,3335.68,3336.6
2025-04-22 22:02:28.414270,3335.95,3336.68
2025-04-22 22:02:28.677818,3336.04,3336.39
2025-04-22 22:02:29.112899,3335.18,3336.43
2025-04-22 22:02:29.363759,3336.02,3336.59
2025-04-22 22:02:29.670941,3336.12,3336.75
2025-04-22 22:02:29.898558,3336.24,3336.76
2025-04-22 22:02:30.215166,3336.29,3336.75
2025-04-22 22:02:30.493507,3336.05,3336.4
2025-04-22 22:02:30.753087,3335.17,3336.46
2025-04-22 22:02:31.050155,3335.43,3336.28
2025-04-22 22:02:31.442438,3336.07,3336.65
2025-04-22 22:02:31.763025,3335.92,3336.46
2025-04-22 22:02:32.136881,3336.01,3336.6
2025-04-22 22:02:32.607258,3335.11,3336.02
2025-04-22 22:02:33.101799,3335.15,3336.05
2025-04-22 22:02:33.341358,3335.06,3335.95
2025-04-22 22:02:33.689942,3334.17,3335.21
2025-04-22 22:02:33.930727,3334.03,3334.97
2025-04-22 22:02:34.445061,3333.67,3334.74
2025-04-22 22:02:34.932935,3334.27,3335.36
2025-04-22 22:02:35.722411,3334.3,3335.35
2025-04-22 22:02:36.003953,3335.14,3335.81
2025-04-22 22:02:36.347338,3335.09,3336.14
2025-04-22 22:02:36.595847,3335.05,3336.02
2025-04-22 22:02:36.915043,3335.3,3336.12
2025-04-22 22:02:37.462373,3336.05,3336.74
2025-04-22 22:02:37.754192,3336.23,3336.76
2025-04-22 22:02:38.395069,3336.35,3336.7
2025-04-22 22:02:38.862014,3336.07,3336.65
2025-04-22 22:02:38.968394,3336.05,3336.63
2025-04-22 22:02:39.125737,3335.84,3336.41
2025-04-22 22:02:39.435637,3337.89,3339.79
2025-04-22 22:02:39.562331,3339.32,3341.37
2025-04-22 22:02:39.686651,3338.27,3340.32
2025-04-22 22:02:39.944475,3338.24,3340.18
2025-04-22 22:02:40.160851,3338.19,3339.99
2025-04-22 22:02:40.467948,3338.23,3340.25
2025-04-22 22:02:40.918435,3339.1,3340.53
2025-04-22 22:02:41.297264,3339.15,3340.51
2025-04-22 22:02:41.547792,3339.1,3340.59
2025-04-22 22:02:41.766356,3339.21,3340.59
2025-04-22 22:02:41.996777,3339.26,3340.34
2025-04-22 22:02:42.367626,3338.33,3339.98
2025-04-22 22:02:42.799087,3338.23,3339.73
2025-04-22 22:02:43.004538,3338.2,3339.97
2025-04-22 22:02:43.257607,3338.35,3339.93
2025-04-22 22:02:43.510211,3338.38,3339.7
2025-04-22 22:02:44.256105,3336.59,3337.65
2025-04-22 22:02:44.654553,3336.57,3337.67
2025-04-22 22:02:44.850761,3336.55,3337.7
2025-04-22 22:02:45.130655,3335.45,3337.16
2025-04-22 22:02:45.397345,3335.53,3336.85
2025-04-22 22:02:45.586727,3335.85,3336.46
2025-04-22 22:02:45.927229,3336.24,3336.89
2025-04-22 22:02:46.188215,3336.45,3337.77
2025-04-22 22:02:46.462481,3336.44,3337.44
2025-04-22 22:02:46.697810,3336.37,3337.35
2025-04-22 22:02:47.026210,3336.42,3337.86
2025-04-22 22:02:47.242598,3336.77,3338.0
2025-04-22 22:02:47.511528,3337.1,3337.99
2025-04-22 22:02:47.864210,3337.08,3337.88
2025-04-22 22:02:47.943231,3337.08,3337.91
2025-04-22 22:02:48.122923,3337.13,3337.91
2025-04-22 22:02:48.636059,3336.99,3338.05
2025-04-22 22:02:48.889579,3337.3,3338.07
2025-04-22 22:02:48.999593,3336.99,3338.06
2025-04-22 22:02:49.124499,3337.11,3338.07
2025-04-22 22:02:49.406818,3337.25,3337.96
2025-04-22 22:02:49.649861,3337.3,3337.96
2025-04-22 22:02:50.003695,3337.22,3338.04
2025-04-22 22:02:50.344548,3337.49,3338.67
2025-04-22 22:02:50.563419,3337.46,3338.15
2025-04-22 22:02:50.829681,3337.44,3338.11
2025-04-22 22:02:51.143623,3337.44,3338.14
2025-04-22 22:02:51.373681,3337.34,3338.11
2025-04-22 22:02:51.895893,3337.09,3338.0
2025-04-22 22:02:52.102792,3337.03,3337.73
2025-04-22 22:02:52.296937,3337.05,3337.71
2025-04-22 22:02:52.611980,3337.2,3337.99
2025-04-22 22:02:52.850304,3337.12,3337.98
2025-04-22 22:02:53.111557,3337.16,3337.95
2025-04-22 22:02:53.333836,3337.12,3337.76
2025-04-22 22:02:53.535310,3337.15,3337.76
2025-04-22 22:02:53.616854,3337.11,3337.76
2025-04-22 22:02:53.844322,3337.12,3337.76
2025-04-22 22:02:54.033988,3337.08,3337.71
2025-04-22 22:02:54.294190,3337.19,3338.09
2025-04-22 22:02:54.506059,3337.14,3337.85
2025-04-22 22:02:54.550116,3337.14,3337.73
2025-04-22 22:02:54.962055,3337.14,3337.88
2025-04-22 22:02:55.306940,3338.36,3339.39
2025-04-22 22:02:55.538403,3338.31,3339.43
2025-04-22 22:02:55.745530,3338.26,3339.7
2025-04-22 22:02:55.996893,3339.01,3340.49
2025-04-22 22:02:56.251025,3338.28,3339.51
2025-04-22 22:02:56.562667,3338.32,3339.36
2025-04-22 22:02:57.123832,3338.15,3339.17
2025-04-22 22:02:57.371267,3338.82,3339.88
2025-04-22 22:02:57.673031,3338.83,3339.88
2025-04-22 22:02:58.040894,3338.85,3339.96
2025-04-22 22:02:58.252861,3339.57,3340.53
2025-04-22 22:02:58.564961,3339.58,3340.53
2025-04-22 22:02:58.809342,3339.62,3340.6
2025-04-22 22:02:59.040236,3339.82,3340.97
2025-04-22 22:02:59.536678,3339.9,3341.13
2025-04-22 22:02:59.772099,3340.29,3341.37
2025-04-22 22:03:00.296092,3340.3,3341.12
2025-04-22 22:03:00.642958,3340.25,3341.3
2025-04-22 22:03:01.199360,3340.16,3341.32
2025-04-22 22:03:01.307434,3340.91,3341.5
2025-04-22 22:03:01.623750,3340.91,3341.26
2025-04-22 22:03:01.903076,3341.66,3343.71
2025-04-22 22:03:02.195348,3341.15,3342.57
2025-04-22 22:03:02.425480,3341.15,3342.08
2025-04-22 22:03:02.742322,3341.15,3342.29
2025-04-22 22:03:03.034998,3341.72,3343.4
2025-04-22 22:03:03.429969,3342.38,3343.79
2025-04-22 22:03:03.446532,3341.17,3342.98
2025-04-22 22:03:03.666284,3341.34,3343.11
2025-04-22 22:03:03.929108,3341.46,3342.58
2025-04-22 22:03:04.194998,3341.43,3342.32
2025-04-22 22:03:04.551458,3341.64,3342.22
2025-04-22 22:03:04.962250,3341.29,3342.52
2025-04-22 22:03:05.199473,3341.39,3342.46
2025-04-22 22:03:05.481400,3341.37,3342.55
2025-04-22 22:03:05.798508,3341.29,3342.45
2025-04-22 22:03:06.032393,3341.21,3342.32
2025-04-22 22:03:06.458090,3341.22,3342.31
2025-04-22 22:03:06.708681,3341.2,3342.13
2025-04-22 22:03:07.458577,3341.19,3342.24
2025-04-22 22:03:07.736340,3341.07,3342.04
2025-04-22 22:03:08.113068,3341.03,3342.03
2025-04-22 22:03:08.861034,3341.0,3341.97
2025-04-22 22:03:09.628005,3341.07,3341.95
2025-04-22 22:03:10.059183,3341.5,3342.58
2025-04-22 22:03:10.315382,3341.76,3342.69
2025-04-22 22:03:10.494287,3341.97,3343.16
2025-04-22 22:03:10.631654,3342.0,3343.07
2025-04-22 22:03:11.127018,3341.95,3343.07
2025-04-22 22:03:11.556335,3340.82,3341.89
2025-04-22 22:03:11.932233,3341.12,3342.25
2025-04-22 22:03:12.290159,3341.12,3342.32
2025-04-22 22:03:12.997166,3341.17,3342.5
2025-04-22 22:03:13.323879,3341.11,3342.24
2025-04-22 22:03:14.024566,3341.03,3342.01
2025-04-22 22:03:14.212887,3340.85,3341.98
2025-04-22 22:03:14.513220,3340.34,3341.58
2025-04-22 22:03:14.824664,3339.93,3341.03
2025-04-22 22:03:15.442302,3339.91,3341.12
2025-04-22 22:03:15.685269,3338.81,3340.2
2025-04-22 22:03:15.947461,3337.83,3338.91
2025-04-22 22:03:16.195245,3338.08,3339.1
2025-04-22 22:03:16.520403,3337.87,3338.71
2025-04-22 22:03:16.784244,3337.57,3338.72
2025-04-22 22:03:16.986936,3337.67,3338.71
2025-04-22 22:03:17.378157,3337.67,3338.72
2025-04-22 22:03:17.648345,3337.79,3338.84
2025-04-22 22:03:18.153556,3338.04,3338.9
2025-04-22 22:03:18.190332,3337.88,3338.92
2025-04-22 22:03:18.562627,3337.76,3338.97
2025-04-22 22:03:18.827189,3337.41,3338.72
2025-04-22 22:03:19.168303,3336.78,3338.22
2025-04-22 22:03:19.448102,3336.67,3338.31
2025-04-22 22:03:19.730305,3336.84,3338.35
2025-04-22 22:03:20.229713,3336.82,3338.0
2025-04-22 22:03:20.364459,3336.82,3337.97
2025-04-22 22:03:20.626207,3335.68,3337.02
2025-04-22 22:03:20.988781,3335.54,3336.96
2025-04-22 22:03:21.176331,3335.51,3336.98
2025-04-22 22:03:21.240592,3335.52,3336.98
2025-04-22 22:03:21.457978,3335.62,3336.88
2025-04-22 22:03:21.687950,3335.96,3337.2
2025-04-22 22:03:21.862702,3336.08,3337.18
2025-04-22 22:03:21.875651,3335.26,3336.92
2025-04-22 22:03:22.095180,3335.13,3336.74
2025-04-22 22:03:22.330340,3334.08,3335.02
2025-04-22 22:03:22.538912,3334.25,3335.13
2025-04-22 22:03:22.856465,3334.3,3335.12
2025-04-22 22:03:23.113849,3333.94,3335.26
2025-04-22 22:03:23.379093,3334.2,3335.33
2025-04-22 22:03:23.720300,3334.11,3335.32
2025-04-22 22:03:23.977140,3334.48,3335.11
2025-04-22 22:03:24.210189,3334.47,3335.26
2025-04-22 22:03:24.446794,3334.27,3335.33
2025-04-22 22:03:24.744354,3334.31,3335.37
2025-04-22 22:03:25.222542,3334.22,3335.56
2025-04-22 22:03:25.447941,3334.62,3335.48
2025-04-22 22:03:25.747502,3334.61,3336.11
2025-04-22 22:03:25.964686,3334.61,3335.95
2025-04-22 22:03:26.307667,3334.48,3336.03
2025-04-22 22:03:26.564451,3335.55,3336.6
2025-04-22 22:03:26.800936,3335.95,3336.99
2025-04-22 22:03:27.115227,3336.12,3337.02
2025-04-22 22:03:27.443420,3336.34,3337.12
2025-04-22 22:03:27.932582,3336.71,3337.91
2025-04-22 22:03:28.149963,3336.66,3337.81
2025-04-22 22:03:28.437444,3336.5,3337.76
2025-04-22 22:03:28.658172,3336.66,3337.58
2025-04-22 22:03:29.160901,3336.64,3337.59
2025-04-22 22:03:29.344027,3336.65,3337.59
2025-04-22 22:03:29.558426,3336.64,3337.8
2025-04-22 22:03:29.885163,3336.81,3338.2
2025-04-22 22:03:30.198160,3337.54,3338.26
2025-04-22 22:03:30.446905,3337.11,3338.06
2025-04-22 22:03:30.732396,3337.55,3338.45
2025-04-22 22:03:31.063692,3336.73,3337.86
2025-04-22 22:03:31.442443,3336.77,3337.77
2025-04-22 22:03:32.150542,3336.74,3337.94
2025-04-22 22:03:32.301140,3336.8,3338.01
2025-04-22 22:03:32.725265,3337.08,3338.11
2025-04-22 22:03:35.125091,3337.05,3338.1
2025-04-22 22:03:35.430048,3337.05,3338.18
2025-04-22 22:03:35.659589,3337.1,3338.1
2025-04-22 22:03:35.911991,3337.1,3338.11
2025-04-22 22:03:36.197712,3337.11,3338.17
2025-04-22 22:03:36.535561,3337.28,3338.14
2025-04-22 22:03:37.451365,3337.23,3338.15
2025-04-22 22:03:38.278332,3337.23,3338.19
2025-04-22 22:03:38.575007,3337.24,3338.18
2025-04-22 22:03:39.113435,3337.27,3338.15
2025-04-22 22:03:39.798999,3337.35,3338.15
2025-04-22 22:03:40.598892,3337.48,3338.16
2025-04-22 22:03:40.918061,3337.47,3338.25
2025-04-22 22:03:41.414605,3337.61,3338.03
2025-04-22 22:03:41.812232,3337.6,3338.03
2025-04-22 22:03:42.125451,3337.69,3338.12
2025-04-22 22:03:42.591227,3336.8,3337.24
2025-04-22 22:03:43.371016,3336.09,3337.17
2025-04-22 22:03:44.185300,3335.88,3337.04
2025-04-22 22:03:44.458853,3335.89,3337.0
2025-04-22 22:03:44.777971,3335.4,3336.42
2025-04-22 22:03:45.148095,3335.42,3336.42
2025-04-22 22:03:45.793644,3335.41,3336.42
2025-04-22 22:03:46.310012,3335.42,3336.57
2025-04-22 22:03:46.432629,3335.49,3336.57
2025-04-22 22:03:46.733954,3335.73,3336.93
2025-04-22 22:03:48.726562,3335.79,3336.91
2025-04-22 22:03:48.835222,3335.67,3336.93
2025-04-22 22:03:49.056569,3335.89,3336.97
2025-04-22 22:03:49.323898,3335.89,3336.98
2025-04-22 22:03:49.614174,3335.84,3336.98
2025-04-22 22:03:49.833064,3335.79,3336.95
2025-04-22 22:03:50.135318,3335.78,3336.87
2025-04-22 22:03:50.383767,3335.91,3336.98
2025-04-22 22:03:50.583164,3335.83,3337.08
2025-04-22 22:03:51.002115,3336.07,3336.7
2025-04-22 22:03:51.287968,3335.71,3336.66
2025-04-22 22:03:51.519295,3335.57,3336.61
2025-04-22 22:03:51.753454,3334.97,3335.97
2025-04-22 22:03:52.146921,3334.97,3335.84
2025-04-22 22:03:52.436954,3334.87,3335.88
2025-04-22 22:03:52.742970,3334.88,3335.85
2025-04-22 22:03:53.086272,3334.96,3335.8
2025-04-22 22:03:53.323581,3334.78,3335.8
2025-04-22 22:03:53.866474,3334.97,3335.76
2025-04-22 22:03:54.223610,3335.02,3335.81
2025-04-22 22:03:54.648220,3335.07,3335.98
2025-04-22 22:03:54.972568,3335.67,3336.27
2025-04-22 22:03:55.272666,3335.5,3336.47
2025-04-22 22:03:55.547980,3335.15,3336.35
2025-04-22 22:03:55.993400,3334.95,3335.83
2025-04-22 22:03:56.445865,3335.11,3335.9
2025-04-22 22:03:57.056207,3335.39,3336.23
2025-04-22 22:03:57.395314,3335.39,3336.14
2025-04-22 22:03:57.675527,3335.44,3336.68
2025-04-22 22:03:57.845776,3335.61,3336.18
2025-04-22 22:03:58.287976,3335.41,3336.19
2025-04-22 22:03:58.693968,3335.31,3336.34
2025-04-22 22:03:58.946919,3335.31,3335.95
2025-04-22 22:03:59.352705,3335.59,3336.55
2025-04-22 22:03:59.725987,3335.5,3336.07
2025-04-22 22:03:59.980030,3335.45,3336.51
2025-04-22 22:04:00.461758,3335.3,3336.35
2025-04-22 22:04:00.697670,3335.23,3336.3
2025-04-22 22:04:01.119408,3335.01,3335.9
2025-04-22 22:04:01.483316,3335.01,3335.88
2025-04-22 22:04:01.731828,3335.01,3335.93
2025-04-22 22:04:02.213361,3334.85,3335.88
2025-04-22 22:04:02.758361,3334.84,3335.88
2025-04-22 22:04:03.047193,3334.79,3335.72
2025-04-22 22:04:03.548559,3334.78,3335.57
2025-04-22 22:04:04.049258,3334.99,3335.79
2025-04-22 22:04:04.421526,3334.99,3335.97
2025-04-22 22:04:04.673274,3335.19,3336.28
2025-04-22 22:04:04.906420,3335.48,3336.32
2025-04-22 22:04:05.406020,3334.26,3335.38
2025-04-22 22:04:06.108334,3334.44,3335.46
2025-04-22 22:04:06.501975,3334.5,3335.5
2025-04-22 22:04:07.223582,3334.57,3335.44
2025-04-22 22:04:08.642465,3334.61,3335.4
2025-04-22 22:04:09.132085,3334.29,3335.1
2025-04-22 22:04:09.577104,3334.29,3335.11
2025-04-22 22:04:10.271615,3334.4,3335.06
2025-04-22 22:04:10.764142,3334.16,3335.13
2025-04-22 22:04:12.069703,3333.5,3334.47
2025-04-22 22:04:12.358748,3333.16,3334.09
2025-04-22 22:04:12.866766,3333.14,3334.02
2025-04-22 22:04:13.195820,3330.97,3332.02
2025-04-22 22:04:13.422927,3330.82,3332.11
2025-04-22 22:04:13.967293,3330.64,3332.03
2025-04-22 22:04:14.469073,3331.26,3332.27
2025-04-22 22:04:14.521528,3331.13,3332.27
2025-04-22 22:04:14.865533,3331.25,3332.19
2025-04-22 22:04:15.355881,3331.29,3332.21
2025-04-22 22:04:15.655252,3330.52,3331.5
2025-04-22 22:04:16.113098,3330.53,3331.62
2025-04-22 22:04:16.376006,3330.75,3332.02
2025-04-22 22:04:16.715938,3330.8,3331.81
2025-04-22 22:04:16.986101,3331.21,3332.2
2025-04-22 22:04:17.187433,3331.35,3332.3
2025-04-22 22:04:17.434351,3331.22,3332.2
2025-04-22 22:04:18.133215,3331.31,3332.19
2025-04-22 22:04:18.563039,3331.26,3332.03
2025-04-22 22:04:18.898586,3329.87,3331.38
2025-04-22 22:04:19.138983,3329.99,3331.08
2025-04-22 22:04:19.573099,3330.0,3330.98
2025-04-22 22:04:19.902410,3329.87,3331.08
2025-04-22 22:04:20.041478,3329.86,3331.13
2025-04-22 22:04:20.147832,3329.78,3331.3
2025-04-22 22:04:20.461660,3328.81,3330.28
2025-04-22 22:04:20.571548,3328.95,3330.49
2025-04-22 22:04:20.900510,3329.17,3330.28
2025-04-22 22:04:21.350979,3329.99,3330.86
2025-04-22 22:04:21.714419,3330.87,3331.28
2025-04-22 22:04:21.998614,3329.28,3330.74
2025-04-22 22:04:22.674672,3329.95,3330.36
2025-04-22 22:04:23.030334,3329.4,3330.48
2025-04-22 22:04:23.527513,3329.83,3330.37
2025-04-22 22:04:24.156838,3329.83,3330.36
2025-04-22 22:04:24.663588,3328.85,3329.84
2025-04-22 22:04:25.287805,3327.78,3329.83
2025-04-22 22:04:25.436065,3327.95,3329.15
2025-04-22 22:04:25.614040,3328.19,3329.25
2025-04-22 22:04:25.961198,3328.25,3329.25
2025-04-22 22:04:26.349604,3328.25,3329.15
2025-04-22 22:04:26.723843,3329.18,3330.54
2025-04-22 22:04:27.054938,3330.42,3331.33
2025-04-22 22:04:27.413339,3328.4,3329.26
2025-04-22 22:04:27.797596,3328.44,3329.45
2025-04-22 22:04:27.986981,3328.74,3329.8
2025-04-22 22:04:28.292363,3328.74,3329.81
2025-04-22 22:04:28.798978,3328.96,3330.13
2025-04-22 22:04:29.314411,3329.81,3330.6
2025-04-22 22:04:29.426906,3329.81,3330.9
2025-04-22 22:04:29.603088,3329.7,3330.7
2025-04-22 22:04:29.690819,3328.43,3329.76
2025-04-22 22:04:30.045266,3328.95,3330.07
2025-04-22 22:04:30.630602,3328.73,3329.86
2025-04-22 22:04:30.838856,3328.67,3330.0
2025-04-22 22:04:31.233430,3328.71,3330.0
2025-04-22 22:04:31.738297,3329.08,3329.93
2025-04-22 22:04:32.081222,3328.95,3329.86
2025-04-22 22:04:32.345409,3329.08,3330.0
2025-04-22 22:04:32.659621,3328.22,3329.57
2025-04-22 22:04:32.963328,3328.49,3329.54
2025-04-22 22:04:33.289065,3328.17,3329.04
2025-04-22 22:04:33.776946,3327.5,3328.66
2025-04-22 22:04:34.143150,3327.04,3327.94
2025-04-22 22:04:34.461037,3326.23,3327.84
2025-04-22 22:04:34.715449,3325.44,3326.5
2025-04-22 22:04:35.016954,3325.18,3326.72
2025-04-22 22:04:35.518014,3325.25,3326.81
2025-04-22 22:04:35.899824,3325.03,3326.43
2025-04-22 22:04:36.197250,3324.98,3326.17
2025-04-22 22:04:36.696560,3325.39,3326.63
2025-04-22 22:04:36.751734,3325.4,3326.36
2025-04-22 22:04:37.100600,3325.43,3326.36
2025-04-22 22:04:37.344763,3325.53,3326.33
2025-04-22 22:04:37.670617,3324.21,3325.66
2025-04-22 22:04:38.220291,3324.62,3325.65
2025-04-22 22:04:38.726545,3324.25,3325.5
2025-04-22 22:04:39.247475,3323.12,3324.74
2025-04-22 22:04:39.409333,3323.65,3324.71
2025-04-22 22:04:39.672587,3322.43,3323.85
2025-04-22 22:04:39.882479,3322.4,3323.78
2025-04-22 22:04:40.163310,3322.49,3323.82
2025-04-22 22:04:40.453234,3322.47,3323.83
2025-04-22 22:04:40.852099,3322.56,3323.83
2025-04-22 22:04:41.124617,3322.7,3324.52
2025-04-22 22:04:41.544903,3322.3,3323.78
2025-04-22 22:04:41.771564,3322.71,3323.78
2025-04-22 22:04:41.982988,3322.61,3323.7
2025-04-22 22:04:42.256405,3322.44,3323.84
2025-04-22 22:04:42.678096,3322.58,3323.81
2025-04-22 22:04:43.175093,3324.37,3325.44
2025-04-22 22:04:43.585264,3325.31,3326.37
2025-04-22 22:04:44.086172,3324.3,3325.42
2025-04-22 22:04:44.586004,3324.3,3325.38
2025-04-22 22:04:44.827127,3324.3,3325.32
2025-04-22 22:04:45.326123,3324.17,3325.75
2025-04-22 22:04:45.631095,3325.1,3326.33
2025-04-22 22:04:46.124532,3323.82,3324.89
2025-04-22 22:04:46.633272,3323.68,3324.95
2025-04-22 22:04:47.237359,3323.79,3324.79
2025-04-22 22:04:47.474060,3323.79,3325.23
2025-04-22 22:04:47.812404,3323.19,3324.16
2025-04-22 22:04:48.636830,3323.43,3324.54
2025-04-22 22:04:48.937702,3323.58,3324.54
2025-04-22 22:04:49.186904,3323.98,3324.97
2025-04-22 22:04:49.434740,3323.94,3325.16
2025-04-22 22:04:49.687768,3323.93,3325.16
2025-04-22 22:04:50.044150,3323.78,3324.89
2025-04-22 22:04:50.349801,3324.14,3325.17
2025-04-22 22:04:50.721537,3324.96,3325.97
2025-04-22 22:04:50.949799,3324.97,3325.98
2025-04-22 22:04:51.288704,3324.88,3326.0
2025-04-22 22:04:51.795131,3324.23,3325.42
2025-04-22 22:04:52.318144,3324.28,3325.35
2025-04-22 22:04:52.498439,3324.8,3325.15
2025-04-22 22:04:52.998105,3324.73,3325.08
2025-04-22 22:04:53.505672,3324.48,3324.83
2025-04-22 22:04:53.888287,3324.51,3324.86
2025-04-22 22:04:54.395588,3324.68,3325.03
2025-04-22 22:04:54.888298,3324.56,3324.91
2025-04-22 22:04:55.222984,3324.62,3324.97
2025-04-22 22:04:55.723203,3324.66,3325.01
2025-04-22 22:04:56.212316,3324.64,3324.99
2025-04-22 22:04:56.716938,3324.61,3324.96
2025-04-22 22:04:57.432284,3324.72,3325.07
2025-04-22 22:04:57.982071,3324.48,3324.83
2025-04-22 22:04:58.698638,3324.63,3324.98
2025-04-22 22:04:58.974804,3324.75,3325.1
2025-04-22 22:04:59.460468,3326.73,3327.08
2025-04-22 22:04:59.701499,3327.78,3328.13
2025-04-22 22:04:59.940421,3327.64,3327.99
2025-04-22 22:05:00.351299,3327.07,3327.42
2025-04-22 22:05:00.552178,3325.53,3325.88
2025-04-22 22:05:00.752693,3326.0,3326.35
2025-04-22 22:05:01.670223,3322.92,3323.27
2025-04-22 22:05:02.047192,3323.08,3323.43
2025-04-22 22:05:02.274559,3321.45,3321.8
2025-04-22 22:05:02.509959,3321.51,3321.86
2025-04-22 22:05:02.759198,3320.37,3320.72
2025-04-22 22:05:02.992012,3320.49,3320.84
2025-04-22 22:05:03.205298,3320.46,3320.81
2025-04-22 22:05:03.447595,3320.43,3320.78
2025-04-22 22:05:03.658223,3319.18,3319.53
2025-04-22 22:05:04.339670,3319.25,3319.6
2025-04-22 22:05:04.655393,3319.39,3319.74
2025-04-22 22:05:04.842747,3319.42,3319.77
2025-04-22 22:05:05.222400,3318.65,3319.0
2025-04-22 22:05:05.898257,3318.73,3319.08
2025-04-22 22:05:06.218372,3318.14,3318.49
2025-04-22 22:05:06.499315,3318.06,3318.41
2025-04-22 22:05:07.083308,3318.18,3318.53
2025-04-22 22:05:07.319658,3318.21,3318.56
2025-04-22 22:05:07.827901,3318.55,3318.9
2025-04-22 22:05:08.054992,3318.1,3318.45
2025-04-22 22:05:08.515185,3319.26,3319.61
2025-04-22 22:05:08.727251,3319.42,3319.77
2025-04-22 22:05:09.085734,3319.09,3319.44
2025-04-22 22:05:09.362682,3319.2,3319.55
2025-04-22 22:05:09.638750,3319.24,3319.59
2025-04-22 22:05:09.866637,3319.23,3319.58
2025-04-22 22:05:10.007182,3319.67,3320.02
2025-04-22 22:05:10.164795,3319.88,3320.23
2025-04-22 22:05:10.462855,3320.91,3321.26
2025-04-22 22:05:10.686235,3318.61,3318.96
2025-04-22 22:05:10.935215,3318.44,3318.79
2025-04-22 22:05:11.136736,3318.0,3318.35
2025-04-22 22:05:11.442479,3316.98,3317.33
2025-04-22 22:05:11.786367,3317.0,3317.35
2025-04-22 22:05:12.017522,3316.84,3317.19
2025-04-22 22:05:12.466343,3316.89,3317.24
2025-04-22 22:05:12.728751,3317.62,3317.97
2025-04-22 22:05:12.853101,3317.9,3318.25
2025-04-22 22:05:13.013853,3317.91,3318.26
2025-04-22 22:05:13.195504,3318.03,3318.38
2025-04-22 22:05:13.444481,3318.01,3318.36
2025-04-22 22:05:14.037097,3318.02,3318.37
2025-04-22 22:05:14.313905,3318.15,3318.5
2025-04-22 22:05:14.738859,3319.08,3319.43
2025-04-22 22:05:15.031299,3319.12,3319.47
2025-04-22 22:05:15.269530,3319.33,3319.68
2025-04-22 22:05:16.032121,3322.4,3322.75
2025-04-22 22:05:16.146718,3324.57,3324.92
2025-04-22 22:05:16.376192,3323.76,3324.11
2025-04-22 22:05:16.610030,3320.32,3320.67
2025-04-22 22:05:17.102457,3321.7,3322.05
2025-04-22 22:05:17.440739,3322.78,3323.13
2025-04-22 22:05:17.690990,3322.99,3323.34
2025-04-22 22:05:18.173017,3323.05,3323.4
2025-04-22 22:05:18.424620,3323.03,3323.38
2025-04-22 22:05:18.686499,3322.67,3323.02
2025-04-22 22:05:19.000869,3322.18,3322.53
2025-04-22 22:05:19.465496,3322.33,3322.68
2025-04-22 22:05:19.782126,3320.81,3321.16
2025-04-22 22:05:20.453881,3320.62,3320.97
2025-04-22 22:05:20.949718,3320.21,3320.56
2025-04-22 22:05:21.453767,3321.33,3321.68
2025-04-22 22:05:21.955936,3321.32,3321.67
2025-04-22 22:05:22.048185,3321.64,3321.99
2025-04-22 22:05:22.492648,3322.15,3322.5
2025-04-22 22:05:22.770641,3322.17,3322.52
2025-04-22 22:05:23.096764,3323.09,3323.44
2025-04-22 22:05:23.286610,3323.21,3323.56
2025-04-22 22:05:23.683285,3322.23,3322.58
2025-04-22 22:05:24.488125,3322.46,3322.81
2025-04-22 22:05:25.096989,3322.48,3322.83
2025-04-22 22:05:25.295291,3322.53,3322.88
2025-04-22 22:05:25.622773,3323.3,3323.65
2025-04-22 22:05:26.162111,3323.65,3324.0
2025-04-22 22:05:26.238179,3323.69,3324.04
2025-04-22 22:05:26.398142,3323.79,3324.14
2025-04-22 22:05:26.538381,3325.08,3325.43
2025-04-22 22:05:26.894501,3325.21,3325.56
2025-04-22 22:05:27.114828,3325.1,3325.45
2025-04-22 22:05:27.518159,3324.88,3325.23
2025-04-22 22:05:28.595134,3324.71,3325.06
2025-04-22 22:05:28.813306,3324.7,3325.05
2025-04-22 22:05:29.037817,3324.72,3325.07
2025-04-22 22:05:29.813199,3324.6,3324.95
2025-04-22 22:05:30.035965,3324.46,3324.81
2025-04-22 22:05:30.254686,3325.32,3325.67
2025-04-22 22:05:30.658092,3325.98,3326.33
2025-04-22 22:05:30.967362,3326.43,3326.78
2025-04-22 22:05:31.213072,3326.42,3326.77
2025-04-22 22:05:32.236249,3326.37,3326.72
2025-04-22 22:05:32.486346,3326.4,3326.75
2025-04-22 22:05:32.773418,3326.22,3326.57
2025-04-22 22:05:33.006763,3325.35,3325.7
2025-04-22 22:05:33.346562,3325.42,3325.77
2025-04-22 22:05:33.547533,3325.27,3325.62
2025-04-22 22:05:34.113185,3325.43,3325.78
2025-04-22 22:05:34.297679,3325.61,3325.96
2025-04-22 22:05:34.508376,3325.63,3325.98
2025-04-22 22:05:34.898216,3325.77,3326.12
2025-04-22 22:05:35.175261,3325.9,3326.25
2025-04-22 22:05:35.667118,3326.02,3326.37
2025-04-22 22:05:35.750336,3325.94,3326.29
2025-04-22 22:05:36.482213,3325.75,3326.1
2025-04-22 22:05:36.891278,3326.08,3326.43
2025-04-22 22:05:37.120541,3325.8,3326.15
2025-04-22 22:05:37.584576,3325.11,3325.46
2025-04-22 22:05:38.205308,3325.13,3325.48
2025-04-22 22:05:38.438939,3324.92,3325.27
2025-04-22 22:05:38.860117,3325.64,3325.99
2025-04-22 22:05:39.078096,3325.6,3325.95
2025-04-22 22:05:39.232007,3325.86,3326.21
2025-04-22 22:05:39.544606,3326.13,3326.48
2025-04-22 22:05:40.169831,3326.32,3326.67
2025-04-22 22:05:40.504062,3326.44,3326.79
2025-04-22 22:05:41.324964,3326.45,3326.8
2025-04-22 22:05:42.018604,3326.85,3327.2
2025-04-22 22:05:42.508943,3326.7,3327.05
2025-04-22 22:05:42.700630,3326.89,3327.24
2025-04-22 22:05:42.980082,3326.87,3327.22
2025-04-22 22:05:43.617697,3326.58,3326.93
2025-04-22 22:05:44.394635,3326.35,3326.7
2025-04-22 22:05:44.609191,3326.53,3326.88
2025-04-22 22:05:45.062795,3326.13,3326.48
2025-04-22 22:05:45.447742,3326.19,3326.54
2025-04-22 22:05:45.831970,3326.15,3326.5
2025-04-22 22:05:46.374004,3326.12,3326.47
2025-04-22 22:05:47.303015,3326.02,3326.37
2025-04-22 22:05:47.746044,3325.97,3326.32
2025-04-22 22:05:47.959791,3326.31,3326.66
2025-04-22 22:05:48.451015,3326.36,3326.71
2025-04-22 22:05:49.026679,3326.34,3326.69
2025-04-22 22:05:49.635600,3326.3,3326.65
2025-04-22 22:05:50.229276,3326.06,3326.41
2025-04-22 22:05:50.442021,3326.0,3326.35
2025-04-22 22:05:50.988516,3325.92,3326.27
2025-04-22 22:05:51.635130,3325.93,3326.28
2025-04-22 22:05:54.029717,3325.98,3326.33
2025-04-22 22:05:54.541819,3326.07,3326.42
2025-04-22 22:05:55.015402,3326.33,3326.68
2025-04-22 22:05:55.513687,3327.18,3327.53
2025-04-22 22:05:56.011371,3327.16,3327.51
2025-04-22 22:05:56.510606,3327.18,3327.53
2025-04-22 22:05:57.009579,3327.19,3327.54
2025-04-22 22:05:57.534801,3327.33,3327.68
2025-04-22 22:05:58.121900,3327.28,3327.63
2025-04-22 22:05:58.663732,3327.27,3327.62
2025-04-22 22:05:59.365300,3327.38,3327.73
2025-04-22 22:05:59.567335,3327.55,3327.9
2025-04-22 22:05:59.819200,3328.07,3328.42
2025-04-22 22:06:00.091036,3328.45,3328.8
2025-04-22 22:06:00.295449,3328.97,3329.32
2025-04-22 22:06:00.578562,3328.95,3329.3
2025-04-22 22:06:01.045260,3329.18,3329.53
2025-04-22 22:06:01.257535,3329.34,3329.69
2025-04-22 22:06:01.766467,3328.64,3328.99
2025-04-22 22:06:01.988889,3328.89,3329.24
2025-04-22 22:06:02.485310,3328.91,3329.26
2025-04-22 22:06:02.755345,3329.01,3329.36
2025-04-22 22:06:03.434182,3329.03,3329.38
2025-04-22 22:06:03.741562,3329.07,3329.42
2025-04-22 22:06:04.628694,3329.82,3330.17
2025-04-22 22:06:05.126426,3329.97,3330.32
2025-04-22 22:06:05.387975,3330.05,3330.4
2025-04-22 22:06:05.593254,3330.32,3330.67
2025-04-22 22:06:05.796182,3330.66,3331.01
2025-04-22 22:06:06.375914,3330.55,3330.9
2025-04-22 22:06:06.577407,3330.5,3330.85
2025-04-22 22:06:07.079623,3330.54,3330.89
2025-04-22 22:06:07.359858,3331.15,3331.5
2025-04-22 22:06:07.757698,3331.0,3331.35
2025-04-22 22:06:08.227771,3331.28,3331.63
2025-04-22 22:06:08.692972,3331.3,3331.65
2025-04-22 22:06:08.844415,3331.49,3331.84
2025-04-22 22:06:09.386632,3331.44,3331.79
2025-04-22 22:06:10.309157,3332.22,3332.57
2025-04-22 22:06:10.348997,3332.48,3332.83
2025-04-22 22:06:11.185621,3332.63,3332.98
2025-04-22 22:06:11.882866,3332.68,3333.03
2025-04-22 22:06:12.081825,3332.42,3332.77
2025-04-22 22:06:12.704323,3332.52,3332.87
2025-04-22 22:06:13.190338,3332.64,3332.99
2025-04-22 22:06:13.368709,3332.63,3332.98
2025-04-22 22:06:14.178033,3332.65,3333.0
2025-04-22 22:06:14.439920,3332.47,3332.82
2025-04-22 22:06:14.681192,3332.39,3332.74
2025-04-22 22:06:14.928954,3332.11,3332.46
2025-04-22 22:06:15.417120,3331.3,3331.65
2025-04-22 22:06:15.510700,3330.83,3331.18
2025-04-22 22:06:16.130876,3330.55,3330.9
2025-04-22 22:06:16.489005,3330.45,3330.8
2025-04-22 22:06:16.976871,3330.33,3330.68
2025-04-22 22:06:17.232280,3330.04,3330.39
2025-04-22 22:06:17.767398,3329.32,3329.67
2025-04-22 22:06:18.318807,3329.29,3329.64
2025-04-22 22:06:18.760685,3329.24,3329.59
2025-04-22 22:06:19.124917,3329.22,3329.57
2025-04-22 22:06:19.338736,3329.12,3329.47
2025-04-22 22:06:19.751032,3328.83,3329.18
2025-04-22 22:06:20.243196,3328.9,3329.25
2025-04-22 22:06:20.949616,3328.66,3329.01
2025-04-22 22:06:21.579565,3328.7,3329.05
2025-04-22 22:06:21.693607,3329.48,3329.83
2025-04-22 22:06:22.051299,3330.33,3330.68
2025-04-22 22:06:22.240046,3330.05,3330.4
2025-04-22 22:06:22.653642,3330.1,3330.45
2025-04-22 22:06:22.889948,3330.07,3330.42
2025-04-22 22:06:23.197295,3329.86,3330.21
2025-04-22 22:06:23.549271,3329.58,3329.93
2025-04-22 22:06:24.060677,3329.69,3330.04
2025-04-22 22:06:24.356981,3329.63,3329.98
2025-04-22 22:06:24.914904,3329.53,3329.88
2025-04-22 22:06:25.429263,3329.46,3329.81
2025-04-22 22:06:26.074882,3329.57,3329.92
2025-04-22 22:06:27.243470,3329.55,3329.9
2025-04-22 22:06:27.506638,3328.76,3329.11
2025-04-22 22:06:28.202395,3327.86,3328.21
2025-04-22 22:06:28.386057,3327.93,3328.28
2025-04-22 22:06:28.672190,3327.95,3328.3
2025-04-22 22:06:29.163598,3328.31,3328.66
2025-04-22 22:06:29.579685,3328.49,3328.84
2025-04-22 22:06:29.784509,3328.63,3328.98
2025-04-22 22:06:30.518090,3328.7,3329.05
2025-04-22 22:06:30.878551,3328.67,3329.02
2025-04-22 22:06:31.415717,3328.71,3329.06
2025-04-22 22:06:31.594329,3328.74,3329.09
2025-04-22 22:06:31.878526,3328.45,3328.8
2025-04-22 22:06:32.192128,3328.52,3328.87
2025-04-22 22:06:32.501787,3328.74,3329.09
2025-04-22 22:06:32.738764,3329.01,3329.36
2025-04-22 22:06:33.669348,3328.54,3328.89
2025-04-22 22:06:33.902731,3328.55,3328.9
2025-04-22 22:06:34.152700,3328.54,3328.89
2025-04-22 22:06:34.495808,3328.47,3328.82
2025-04-22 22:06:35.671081,3328.41,3328.76
2025-04-22 22:06:35.773935,3328.47,3328.82
2025-04-22 22:06:36.133720,3328.57,3328.92
2025-04-22 22:06:36.289142,3328.76,3329.11
2025-04-22 22:06:36.511713,3329.33,3329.68
2025-04-22 22:06:36.975649,3329.3,3329.65
2025-04-22 22:06:37.479311,3329.29,3329.64
2025-04-22 22:06:37.873461,3329.14,3329.49
2025-04-22 22:06:38.135804,3329.09,3329.44
2025-04-22 22:06:38.809004,3328.39,3328.74
2025-04-22 22:06:39.144163,3327.87,3328.22
2025-04-22 22:06:39.518290,3327.67,3328.02
2025-04-22 22:06:39.802604,3327.41,3327.76
2025-04-22 22:06:40.085453,3327.35,3327.7
2025-04-22 22:06:40.331648,3327.42,3327.77
2025-04-22 22:06:40.578192,3327.51,3327.86
2025-04-22 22:06:41.100668,3327.7,3328.05
2025-04-22 22:06:41.843708,3328.08,3328.43
2025-04-22 22:06:41.897136,3328.16,3328.51
2025-04-22 22:06:42.581016,3328.12,3328.47
2025-04-22 22:06:43.676776,3328.05,3328.4
2025-04-22 22:06:44.251827,3328.06,3328.41
2025-04-22 22:06:46.476602,3328.15,3328.5
2025-04-22 22:06:46.561339,3328.13,3328.48
2025-04-22 22:06:47.028323,3328.15,3328.5
2025-04-22 22:06:47.324708,3328.2,3328.55
2025-04-22 22:06:47.833045,3328.22,3328.57
2025-04-22 22:06:48.319436,3328.23,3328.58
2025-04-22 22:06:48.514819,3328.32,3328.67
2025-04-22 22:06:48.794588,3328.38,3328.73
2025-04-22 22:06:49.293428,3328.49,3328.84
2025-04-22 22:06:49.859289,3328.5,3328.85
2025-04-22 22:06:50.131928,3328.49,3328.84
2025-04-22 22:06:50.931650,3328.47,3328.82
2025-04-22 22:06:51.137541,3328.46,3328.81
2025-04-22 22:06:51.763369,3328.43,3328.78
2025-04-22 22:06:52.437538,3328.44,3328.79
2025-04-22 22:06:53.157746,3328.8,3329.15
2025-04-22 22:06:53.421815,3328.58,3328.93
2025-04-22 22:06:53.613216,3328.55,3328.9
2025-04-22 22:06:53.710307,3328.61,3328.96
2025-04-22 22:06:53.927692,3328.63,3328.98
2025-04-22 22:06:54.410563,3328.41,3328.76
2025-04-22 22:06:55.039507,3328.49,3328.84
2025-04-22 22:06:55.343215,3328.48,3328.83
2025-04-22 22:06:55.666957,3328.49,3328.84
2025-04-22 22:06:55.950686,3329.1,3329.45
2025-04-22 22:06:56.437635,3329.17,3329.52
2025-04-22 22:06:56.559896,3329.51,3329.86
2025-04-22 22:06:57.067702,3330.2,3330.55
2025-04-22 22:06:57.786482,3330.22,3330.57
2025-04-22 22:06:58.266508,3330.29,3330.64
2025-04-22 22:07:00.029070,3330.34,3330.69
2025-04-22 22:07:00.611073,3330.29,3330.64
2025-04-22 22:07:01.558816,3330.36,3330.71
2025-04-22 22:07:02.172106,3330.37,3330.72
2025-04-22 22:07:02.975964,3330.36,3330.71
2025-04-22 22:07:03.358464,3330.37,3330.72
2025-04-22 22:07:03.540600,3330.53,3330.88
2025-04-22 22:07:04.015650,3330.62,3330.97
2025-04-22 22:07:04.262459,3331.45,3331.8
2025-04-22 22:07:04.950640,3331.63,3331.98
2025-04-22 22:07:06.132308,3331.64,3331.99
2025-04-22 22:07:06.333629,3331.71,3332.06
2025-04-22 22:07:06.537752,3332.21,3332.56
2025-04-22 22:07:07.364868,3331.81,3332.16
2025-04-22 22:07:07.434653,3331.69,3332.04
2025-04-22 22:07:08.106713,3331.21,3331.56
2025-04-22 22:07:08.414930,3331.32,3331.67
2025-04-22 22:07:09.310904,3331.26,3331.61
2025-04-22 22:07:09.403346,3331.09,3331.44
2025-04-22 22:07:09.882915,3330.97,3331.32
2025-04-22 22:07:10.011401,3330.9,3331.25
2025-04-22 22:07:10.515215,3330.25,3330.6
2025-04-22 22:07:11.331518,3330.53,3330.88
2025-04-22 22:07:11.833696,3330.78,3331.13
2025-04-22 22:07:12.184704,3331.03,3331.38
2025-04-22 22:07:12.725508,3331.59,3331.94
2025-04-22 22:07:13.211295,3331.6,3331.95
2025-04-22 22:07:13.496311,3331.67,3332.02
2025-04-22 22:07:14.391687,3331.83,3332.18
2025-04-22 22:07:14.888541,3331.81,3332.16
2025-04-22 22:07:15.030506,3331.54,3331.89
2025-04-22 22:07:15.282218,3331.46,3331.81
2025-04-22 22:07:15.786167,3331.41,3331.76
2025-04-22 22:07:16.181005,3331.46,3331.81
2025-04-22 22:07:16.716103,3331.62,3331.97
2025-04-22 22:07:17.465290,3331.63,3331.98
2025-04-22 22:07:17.746281,3331.59,3331.94
2025-04-22 22:07:17.963328,3332.04,3332.39
2025-04-22 22:07:18.157142,3332.17,3332.52
2025-04-22 22:07:18.443936,3332.15,3332.5
2025-04-22 22:07:18.929003,3332.2,3332.55
2025-04-22 22:07:19.258122,3332.18,3332.53
2025-04-22 22:07:19.701827,3332.17,3332.52
2025-04-22 22:07:20.080364,3332.19,3332.54
2025-04-22 22:07:20.478220,3332.27,3332.62
2025-04-22 22:07:21.024016,3332.62,3332.97
2025-04-22 22:07:21.522997,3332.87,3333.22
2025-04-22 22:07:21.810138,3332.85,3333.2
2025-04-22 22:07:22.589296,3332.99,3333.34
2025-04-22 22:07:22.828337,3333.02,3333.37
2025-04-22 22:07:25.986759,3333.6,3333.95
2025-04-22 22:07:26.684075,3333.64,3333.99
2025-04-22 22:07:27.191103,3334.04,3334.39
2025-04-22 22:07:27.605793,3334.59,3334.94
2025-04-22 22:07:27.919337,3334.7,3335.05
2025-04-22 22:07:28.289430,3335.46,3335.81
2025-04-22 22:07:28.556991,3335.51,3335.86
2025-04-22 22:07:29.114541,3335.59,3335.94
2025-04-22 22:07:30.553119,3335.64,3335.99
2025-04-22 22:07:30.847065,3335.53,3335.88
2025-04-22 22:07:31.660757,3335.59,3335.94
2025-04-22 22:07:32.786575,3335.88,3336.23
2025-04-22 22:07:32.898811,3336.08,3336.43
2025-04-22 22:07:33.179818,3336.02,3336.37
2025-04-22 22:07:33.689080,3336.15,3336.5
2025-04-22 22:07:34.115754,3336.09,3336.44
2025-04-22 22:07:34.554435,3336.11,3336.46
2025-04-22 22:07:34.988225,3337.03,3337.38
2025-04-22 22:07:35.486798,3337.93,3338.28
2025-04-22 22:07:35.981563,3338.45,3338.8
2025-04-22 22:07:35.998722,3338.49,3338.84
2025-04-22 22:07:36.533828,3338.66,3339.01
2025-04-22 22:07:36.911991,3338.65,3339.0
2025-04-22 22:07:37.319211,3338.64,3338.99
2025-04-22 22:07:37.806855,3338.87,3339.22
2025-04-22 22:07:38.148029,3338.55,3338.9
2025-04-22 22:07:38.612975,3338.33,3338.68
2025-04-22 22:07:38.935287,3338.25,3338.6
2025-04-22 22:07:39.431032,3337.92,3338.27
2025-04-22 22:07:39.912419,3337.47,3337.82
2025-04-22 22:07:40.115095,3337.46,3337.81
2025-04-22 22:07:40.606262,3336.9,3337.25
2025-04-22 22:07:41.078880,3336.74,3337.09
2025-04-22 22:07:41.881470,3336.55,3336.9
2025-04-22 22:07:42.284871,3335.96,3336.31
2025-04-22 22:07:42.943920,3335.9,3336.25
2025-04-22 22:07:43.439761,3333.62,3333.97
2025-04-22 22:07:43.551182,3333.49,3333.84
2025-04-22 22:07:44.003824,3333.75,3334.1
2025-04-22 22:07:44.225480,3333.35,3333.7
2025-04-22 22:07:44.780345,3333.37,3333.72
2025-04-22 22:07:45.644915,3333.8,3334.15
2025-04-22 22:07:46.050982,3333.78,3334.13
2025-04-22 22:07:46.378801,3333.73,3334.08
2025-04-22 22:07:46.829987,3333.72,3334.07
2025-04-22 22:07:49.644750,3333.86,3334.21
2025-04-22 22:07:50.135603,3334.02,3334.37
2025-04-22 22:07:50.644028,3334.21,3334.56
2025-04-22 22:07:50.957464,3334.61,3334.96
2025-04-22 22:07:51.349646,3334.85,3335.2
2025-04-22 22:07:51.862400,3334.83,3335.18
2025-04-22 22:07:52.327842,3334.84,3335.19
2025-04-22 22:07:52.769517,3335.09,3335.44
2025-04-22 22:07:53.671995,3335.07,3335.42
2025-04-22 22:07:54.178947,3335.14,3335.49
2025-04-22 22:07:54.919810,3335.72,3336.07
2025-04-22 22:07:55.678177,3335.81,3336.16
2025-04-22 22:07:56.165691,3335.83,3336.18
2025-04-22 22:07:56.521520,3335.86,3336.21
2025-04-22 22:07:57.012200,3336.13,3336.48
2025-04-22 22:07:57.438856,3336.02,3336.37
2025-04-22 22:07:57.931656,3335.97,3336.32
2025-04-22 22:07:58.297242,3335.77,3336.12
2025-04-22 22:07:58.625978,3335.66,3336.01
2025-04-22 22:07:59.057259,3335.63,3335.98
2025-04-22 22:07:59.578967,3335.57,3335.92
2025-04-22 22:08:00.082064,3335.83,3336.18
2025-04-22 22:08:00.680920,3335.66,3336.01
2025-04-22 22:08:00.936354,3335.74,3336.09
2025-04-22 22:08:01.935614,3335.48,3335.83
2025-04-22 22:08:02.499462,3335.26,3335.61
2025-04-22 22:08:02.918414,3335.25,3335.6
2025-04-22 22:08:03.026751,3335.19,3335.54
2025-04-22 22:08:03.302580,3334.66,3335.01
2025-04-22 22:08:03.929728,3334.28,3334.63
2025-04-22 22:08:04.489526,3334.04,3334.39
2025-04-22 22:08:04.796019,3334.09,3334.44
2025-04-22 22:08:05.289252,3334.22,3334.57
2025-04-22 22:08:05.646636,3334.13,3334.48
2025-04-22 22:08:05.920383,3334.16,3334.51
2025-04-22 22:08:06.213348,3333.67,3334.02
2025-04-22 22:08:06.860815,3333.64,3333.99
2025-04-22 22:08:07.288899,3333.68,3334.03
2025-04-22 22:08:08.064800,3333.67,3334.02
2025-04-22 22:08:08.394109,3333.73,3334.08
2025-04-22 22:08:09.007426,3333.72,3334.07
2025-04-22 22:08:09.342200,3333.73,3334.08
2025-04-22 22:08:09.653392,3334.06,3334.41
2025-04-22 22:08:09.782954,3334.05,3334.4
2025-04-22 22:08:10.263749,3333.85,3334.2
2025-04-22 22:08:10.560366,3333.84,3334.19
2025-04-22 22:08:10.799014,3333.81,3334.16
2025-04-22 22:08:11.178202,3333.82,3334.17
2025-04-22 22:08:11.772910,3334.41,3334.76
2025-04-22 22:08:12.288664,3335.12,3335.47
2025-04-22 22:08:12.639748,3335.18,3335.53
2025-04-22 22:08:13.584031,3334.92,3335.27
2025-04-22 22:08:14.083642,3334.84,3335.19
2025-04-22 22:08:14.578731,3334.67,3335.02
2025-04-22 22:08:14.964764,3334.69,3335.04
2025-04-22 22:08:15.466971,3335.17,3335.52
2025-04-22 22:08:15.862340,3335.69,3336.04
2025-04-22 22:08:16.216918,3335.74,3336.09
2025-04-22 22:08:18.493439,3335.83,3336.18
2025-04-22 22:08:18.776876,3335.96,3336.31
2025-04-22 22:08:19.275354,3336.85,3337.2
2025-04-22 22:08:19.611580,3337.04,3337.39
2025-04-22 22:08:20.263920,3336.73,3337.08
2025-04-22 22:08:20.558043,3336.38,3336.73
2025-04-22 22:08:20.822073,3336.39,3336.74
2025-04-22 22:08:21.305715,3336.51,3336.86
2025-04-22 22:08:21.613455,3336.42,3336.77
2025-04-22 22:08:22.116400,3336.36,3336.71
2025-04-22 22:08:22.603929,3336.39,3336.74
2025-04-22 22:08:23.113844,3336.44,3336.79
2025-04-22 22:08:24.030892,3336.54,3336.89
2025-04-22 22:08:24.527806,3336.93,3337.28
2025-04-22 22:08:24.961590,3336.87,3337.22
2025-04-22 22:08:25.383093,3337.01,3337.36
2025-04-22 22:08:26.027091,3336.39,3336.74
2025-04-22 22:08:26.454744,3336.1,3336.45
2025-04-22 22:08:26.823992,3336.17,3336.52
2025-04-22 22:08:27.720059,3336.23,3336.58
2025-04-22 22:08:28.235696,3336.24,3336.59
2025-04-22 22:08:28.921576,3336.25,3336.6
2025-04-22 22:08:29.658926,3336.27,3336.62
2025-04-22 22:08:30.105610,3336.28,3336.63
2025-04-22 22:08:30.582636,3336.42,3336.77
2025-04-22 22:08:31.541296,3336.43,3336.78
2025-04-22 22:08:32.847680,3336.5,3336.85
2025-04-22 22:08:33.131409,3336.41,3336.76
2025-04-22 22:08:33.995578,3335.77,3336.12
2025-04-22 22:08:34.311016,3335.84,3336.19
2025-04-22 22:08:35.744395,3336.65,3337.0
2025-04-22 22:08:36.313184,3336.74,3337.09
2025-04-22 22:08:36.971822,3336.79,3337.14
2025-04-22 22:08:37.251305,3336.77,3337.12
2025-04-22 22:08:38.166146,3336.52,3336.87
2025-04-22 22:08:38.973080,3336.64,3336.99
2025-04-22 22:08:39.536626,3336.6,3336.95
2025-04-22 22:08:40.401915,3336.38,3336.73
2025-04-22 22:08:40.633719,3336.15,3336.5
2025-04-22 22:08:41.175531,3336.24,3336.59
2025-04-22 22:08:41.720487,3336.18,3336.53
2025-04-22 22:08:42.207152,3336.02,3336.37
2025-04-22 22:08:42.514143,3336.06,3336.41
2025-04-22 22:08:43.821892,3336.13,3336.48
2025-04-22 22:08:44.674426,3336.12,3336.47
2025-04-22 22:08:45.173604,3335.37,3335.72
2025-04-22 22:08:45.671646,3334.86,3335.21
2025-04-22 22:08:45.802762,3335.05,3335.4
2025-04-22 22:08:46.141855,3335.09,3335.44
2025-04-22 22:08:46.408287,3335.1,3335.45
2025-04-22 22:08:46.809512,3335.16,3335.51
2025-04-22 22:08:47.175701,3335.28,3335.63
2025-04-22 22:08:47.442473,3335.34,3335.69
2025-04-22 22:08:48.398041,3335.01,3335.36
2025-04-22 22:08:48.627294,3335.02,3335.37
2025-04-22 22:08:49.982018,3334.94,3335.29
2025-04-22 22:08:50.400996,3334.8,3335.15
2025-04-22 22:08:51.164484,3334.78,3335.13
2025-04-22 22:08:51.562692,3334.13,3334.48
2025-04-22 22:08:53.463681,3333.84,3334.19
2025-04-22 22:08:54.370971,3333.93,3334.28
2025-04-22 22:08:55.280711,3333.81,3334.16
2025-04-22 22:08:55.753184,3333.83,3334.18
2025-04-22 22:08:57.450903,3332.98,3333.33
2025-04-22 22:08:57.744089,3332.99,3333.34
2025-04-22 22:08:58.275345,3333.09,3333.44
2025-04-22 22:08:58.319402,3333.2,3333.55
2025-04-22 22:08:58.730350,3333.41,3333.76
2025-04-22 22:08:58.964703,3333.57,3333.92
2025-04-22 22:08:59.741734,3333.73,3334.08
2025-04-22 22:09:00.225589,3333.72,3334.07
2025-04-22 22:09:01.692022,3333.42,3333.77
2025-04-22 22:09:01.905065,3333.39,3333.74
2025-04-22 22:09:02.233331,3332.49,3332.84
2025-04-22 22:09:02.714661,3332.38,3332.73
2025-04-22 22:09:03.730904,3332.26,3332.61
2025-04-22 22:09:04.119626,3332.38,3332.73
2025-04-22 22:09:04.721011,3332.22,3332.57
2025-04-22 22:09:05.212860,3332.23,3332.58
2025-04-22 22:09:05.727440,3332.24,3332.59
2025-04-22 22:09:06.187611,3332.05,3332.4
2025-04-22 22:09:06.687627,3332.03,3332.38
2025-04-22 22:09:07.289783,3331.38,3331.73
2025-04-22 22:09:07.790008,3331.13,3331.48
2025-04-22 22:09:08.030201,3330.81,3331.16
2025-04-22 22:09:08.684924,3330.63,3330.98
2025-04-22 22:09:09.617793,3330.69,3331.04
2025-04-22 22:09:09.852120,3330.75,3331.1
2025-04-22 22:09:10.496293,3330.78,3331.13
2025-04-22 22:09:11.084571,3330.75,3331.1
2025-04-22 22:09:11.444223,3330.64,3330.99
2025-04-22 22:09:11.749962,3330.51,3330.86
2025-04-22 22:09:11.914721,3330.34,3330.69
2025-04-22 22:09:12.343244,3330.23,3330.58
2025-04-22 22:09:12.933938,3330.29,3330.64
2025-04-22 22:09:13.043851,3330.15,3330.5
2025-04-22 22:09:13.676136,3330.04,3330.39
2025-04-22 22:09:14.173423,3330.06,3330.41
2025-04-22 22:09:14.441800,3329.97,3330.32
2025-04-22 22:09:14.937576,3329.9,3330.25
2025-04-22 22:09:15.435073,3329.78,3330.13
2025-04-22 22:09:15.819114,3329.3,3329.65
2025-04-22 22:09:16.050766,3329.37,3329.72
2025-04-22 22:09:16.148224,3329.3,3329.65
2025-04-22 22:09:16.292427,3329.31,3329.66
2025-04-22 22:09:16.649211,3328.94,3329.29
2025-04-22 22:09:16.850143,3328.57,3328.92
2025-04-22 22:09:17.160676,3328.63,3328.98
2025-04-22 22:09:17.529015,3328.97,3329.32
2025-04-22 22:09:18.038021,3328.73,3329.08
2025-04-22 22:09:18.342664,3328.69,3329.04
2025-04-22 22:09:18.583625,3328.56,3328.91
2025-04-22 22:09:18.989063,3328.57,3328.92
2025-04-22 22:09:19.436471,3328.62,3328.97
2025-04-22 22:09:20.356787,3329.03,3329.38
2025-04-22 22:09:20.530487,3329.08,3329.43
2025-04-22 22:09:20.813956,3329.14,3329.49
2025-04-22 22:09:20.972100,3329.41,3329.76
2025-04-22 22:09:21.695247,3330.02,3330.37
2025-04-22 22:09:22.272767,3329.95,3330.3
2025-04-22 22:09:22.771250,3331.04,3331.39
2025-04-22 22:09:23.262621,3331.24,3331.59
2025-04-22 22:09:23.550479,3331.17,3331.52
2025-04-22 22:09:24.261911,3332.05,3332.4
2025-04-22 22:09:24.476049,3330.92,3331.27
2025-04-22 22:09:24.921982,3330.93,3331.28
2025-04-22 22:09:25.160011,3331.13,3331.48
2025-04-22 22:09:25.477835,3331.18,3331.53
2025-04-22 22:09:25.780388,3331.57,3331.92
2025-04-22 22:09:26.045058,3331.72,3332.07
2025-04-22 22:09:26.449850,3332.01,3332.36
2025-04-22 22:09:26.955673,3331.99,3332.34
2025-04-22 22:09:27.287599,3331.92,3332.27
2025-04-22 22:09:28.072494,3331.89,3332.24
2025-04-22 22:09:28.410142,3331.84,3332.19
2025-04-22 22:09:28.892768,3331.89,3332.24
2025-04-22 22:09:29.141983,3331.83,3332.18
2025-04-22 22:09:29.552296,3331.65,3332.0
2025-04-22 22:09:30.411361,3331.68,3332.03
2025-04-22 22:09:31.193254,3331.91,3332.26
2025-04-22 22:09:31.690766,3331.92,3332.27
2025-04-22 22:09:31.979920,3331.77,3332.12
2025-04-22 22:09:32.261717,3331.62,3331.97
2025-04-22 22:09:33.042945,3331.58,3331.93
2025-04-22 22:09:34.228942,3331.59,3331.94
2025-04-22 22:09:34.687366,3331.8,3332.15
2025-04-22 22:09:36.007844,3331.79,3332.14
2025-04-22 22:09:36.519584,3331.8,3332.15
2025-04-22 22:09:37.884384,3331.79,3332.14
2025-04-22 22:09:38.684582,3331.68,3332.03
2025-04-22 22:09:38.980461,3331.9,3332.25
2025-04-22 22:09:39.638193,3331.96,3332.31
2025-04-22 22:09:40.066800,3331.98,3332.33
2025-04-22 22:09:40.700080,3331.99,3332.34
2025-04-22 22:09:41.595645,3331.9,3332.25
2025-04-22 22:09:41.885789,3331.92,3332.27
2025-04-22 22:09:43.119894,3332.02,3332.37
2025-04-22 22:09:43.702087,3332.03,3332.38
2025-04-22 22:09:44.294360,3332.1,3332.45
2025-04-22 22:09:45.034494,3332.37,3332.72
2025-04-22 22:09:45.432693,3332.52,3332.87
2025-04-22 22:09:45.685292,3332.85,3333.2
2025-04-22 22:09:46.244993,3332.68,3333.03
2025-04-22 22:09:47.371971,3332.69,3333.04
2025-04-22 22:09:48.027711,3333.91,3334.26
2025-04-22 22:09:48.290375,3333.69,3334.04
2025-04-22 22:09:48.789316,3333.76,3334.11
2025-04-22 22:09:50.133601,3333.75,3334.1
2025-04-22 22:09:50.919100,3333.6,3333.95
2025-04-22 22:09:51.404082,3333.69,3334.04
2025-04-22 22:09:51.666637,3333.86,3334.21
2025-04-22 22:09:52.225925,3333.75,3334.1
2025-04-22 22:09:52.718379,3333.7,3334.05
2025-04-22 22:09:53.008787,3333.56,3333.91
2025-04-22 22:09:53.207994,3333.6,3333.95
2025-04-22 22:09:53.615735,3333.63,3333.98
2025-04-22 22:09:54.135592,3333.58,3333.93
2025-04-22 22:09:54.548981,3333.57,3333.92
2025-04-22 22:09:55.010151,3333.52,3333.87
2025-04-22 22:09:55.611011,3333.47,3333.82
2025-04-22 22:09:55.921573,3333.44,3333.79
2025-04-22 22:09:56.365020,3332.71,3333.06
2025-04-22 22:09:56.622377,3332.82,3333.17
2025-04-22 22:09:57.217052,3332.87,3333.22
2025-04-22 22:09:57.539332,3332.9,3333.25
2025-04-22 22:09:57.927029,3332.93,3333.28
2025-04-22 22:09:58.458215,3332.92,3333.27
2025-04-22 22:09:58.748411,3332.88,3333.23
2025-04-22 22:09:59.210356,3332.68,3333.03
2025-04-22 22:09:59.669899,3332.69,3333.04
2025-04-22 22:10:00.107453,3332.82,3333.17
2025-04-22 22:10:00.409790,3332.84,3333.19
2025-04-22 22:10:00.730991,3332.83,3333.18
2025-04-22 22:10:01.360693,3332.81,3333.16
2025-04-22 22:10:01.852118,3332.83,3333.18
2025-04-22 22:10:02.064641,3333.01,3333.36
2025-04-22 22:10:02.454501,3333.5,3333.85
2025-04-22 22:10:03.024044,3333.91,3334.26
2025-04-22 22:10:03.294751,3333.66,3334.01
2025-04-22 22:10:03.792563,3333.73,3334.08
2025-04-22 22:10:04.261176,3333.8,3334.15
2025-04-22 22:10:05.701987,3333.88,3334.23
2025-04-22 22:10:05.936356,3333.89,3334.24
2025-04-22 22:10:06.320602,3334.39,3334.74
2025-04-22 22:10:06.729520,3334.49,3334.84
2025-04-22 22:10:07.141550,3334.39,3334.74
2025-04-22 22:10:07.537472,3334.38,3334.73
2025-04-22 22:10:08.188662,3334.32,3334.67
2025-04-22 22:10:08.540062,3334.45,3334.8
2025-04-22 22:10:09.630873,3334.47,3334.82
2025-04-22 22:10:10.322384,3334.51,3334.86
2025-04-22 22:10:10.632479,3334.46,3334.81
2025-04-22 22:10:11.538650,3334.49,3334.84
2025-04-22 22:10:12.023639,3334.45,3334.8
2025-04-22 22:10:12.340904,3334.48,3334.83
2025-04-22 22:10:12.625495,3335.61,3335.96
2025-04-22 22:10:12.943662,3335.84,3336.19
2025-04-22 22:10:13.442701,3336.37,3336.72
2025-04-22 22:10:13.941016,3337.09,3337.44
2025-04-22 22:10:14.547518,3337.38,3337.73
2025-04-22 22:10:14.745470,3337.42,3337.77
2025-04-22 22:10:15.086382,3337.32,3337.67
2025-04-22 22:10:15.588323,3337.61,3337.96
2025-04-22 22:10:15.751468,3337.72,3338.07
2025-04-22 22:10:16.220597,3337.78,3338.13
2025-04-22 22:10:16.635475,3338.35,3338.7
2025-04-22 22:10:16.883784,3338.37,3338.72
2025-04-22 22:10:17.384857,3338.34,3338.69
2025-04-22 22:10:17.625964,3338.35,3338.7
2025-04-22 22:10:17.905600,3338.17,3338.52
2025-04-22 22:10:18.156178,3337.96,3338.31
2025-04-22 22:10:18.649732,3338.18,3338.53
2025-04-22 22:10:18.678688,3338.46,3338.81
2025-04-22 22:10:19.113484,3338.52,3338.87
2025-04-22 22:10:19.409829,3338.35,3338.7
2025-04-22 22:10:19.675687,3338.46,3338.81
2025-04-22 22:10:19.722132,3338.51,3338.86
2025-04-22 22:10:20.720509,3338.49,3338.84
2025-04-22 22:10:20.992859,3338.59,3338.94
2025-04-22 22:10:21.425460,3338.48,3338.83
2025-04-22 22:10:21.943047,3338.52,3338.87
2025-04-22 22:10:22.209470,3338.54,3338.89
2025-04-22 22:10:22.412688,3338.43,3338.78
2025-04-22 22:10:22.951490,3338.53,3338.88
2025-04-22 22:10:23.637789,3338.51,3338.86
2025-04-22 22:10:23.982782,3338.62,3338.97
2025-04-22 22:10:24.287639,3338.4,3338.75
2025-04-22 22:10:24.752786,3338.5,3338.85
2025-04-22 22:10:25.079002,3338.76,3339.11
2025-04-22 22:10:25.279176,3338.91,3339.26
2025-04-22 22:10:25.547438,3338.98,3339.33
2025-04-22 22:10:25.790093,3339.96,3340.31
2025-04-22 22:10:26.451167,3340.07,3340.42
2025-04-22 22:10:26.789260,3340.02,3340.37
2025-04-22 22:10:27.094661,3339.65,3340.0
2025-04-22 22:10:27.337934,3339.69,3340.04
2025-04-22 22:10:27.621113,3339.5,3339.85
2025-04-22 22:10:28.060928,3339.49,3339.84
2025-04-22 22:10:28.525491,3339.16,3339.51
2025-04-22 22:10:28.803568,3339.02,3339.37
2025-04-22 22:10:29.498058,3338.7,3339.05
2025-04-22 22:10:29.806290,3338.32,3338.67
2025-04-22 22:10:30.056749,3338.31,3338.66
2025-04-22 22:10:30.306703,3338.26,3338.61
2025-04-22 22:10:30.860313,3337.93,3338.28
2025-04-22 22:10:31.179565,3338.01,3338.36
2025-04-22 22:10:31.611129,3338.59,3338.94
2025-04-22 22:10:32.067155,3338.38,3338.73
2025-04-22 22:10:32.749056,3338.47,3338.82
2025-04-22 22:10:32.965694,3338.51,3338.86
2025-04-22 22:10:33.581997,3338.44,3338.79
2025-04-22 22:10:34.508373,3338.26,3338.61
2025-04-22 22:10:34.851276,3338.23,3338.58
2025-04-22 22:10:35.358165,3338.84,3339.19
2025-04-22 22:10:35.849743,3338.95,3339.3
2025-04-22 22:10:36.698043,3339.06,3339.41
2025-04-22 22:10:36.905762,3339.02,3339.37
2025-04-22 22:10:37.063004,3338.84,3339.19
2025-04-22 22:10:37.249898,3338.9,3339.25
2025-04-22 22:10:37.671092,3338.89,3339.24
2025-04-22 22:10:37.969793,3338.83,3339.18
2025-04-22 22:10:38.252417,3338.88,3339.23
2025-04-22 22:10:38.487338,3338.99,3339.34
2025-04-22 22:10:38.973010,3339.0,3339.35
2025-04-22 22:10:39.373585,3339.1,3339.45
2025-04-22 22:10:39.934879,3339.41,3339.76
2025-04-22 22:10:40.431912,3339.55,3339.9
2025-04-22 22:10:40.955748,3340.43,3340.78
2025-04-22 22:10:41.269975,3340.47,3340.82
2025-04-22 22:10:41.489196,3340.34,3340.69
2025-04-22 22:10:42.103641,3340.44,3340.79
2025-04-22 22:10:42.612579,3340.15,3340.5
2025-04-22 22:10:42.823894,3340.12,3340.47
2025-04-22 22:10:43.515803,3340.18,3340.53
2025-04-22 22:10:43.757515,3340.24,3340.59
2025-04-22 22:10:43.989898,3340.26,3340.61
2025-04-22 22:10:44.478606,3340.2,3340.55
2025-04-22 22:10:45.160663,3340.22,3340.57
2025-04-22 22:10:45.707108,3340.39,3340.74
2025-04-22 22:10:46.240656,3340.4,3340.75
2025-04-22 22:10:46.568937,3340.15,3340.5
2025-04-22 22:10:46.600634,3340.09,3340.44
2025-04-22 22:10:46.829818,3339.87,3340.22
2025-04-22 22:10:47.107864,3339.76,3340.11
2025-04-22 22:10:47.602704,3339.74,3340.09
2025-04-22 22:10:47.951873,3339.91,3340.26
2025-04-22 22:10:48.297675,3340.02,3340.37
2025-04-22 22:10:48.577205,3339.98,3340.33
2025-04-22 22:10:49.049037,3340.17,3340.52
2025-04-22 22:10:49.373618,3340.1,3340.45
2025-04-22 22:10:49.814532,3340.12,3340.47
2025-04-22 22:10:50.316903,3340.14,3340.49
2025-04-22 22:10:50.690194,3340.17,3340.52
2025-04-22 22:10:51.178992,3339.96,3340.31
2025-04-22 22:10:51.734425,3340.13,3340.48
2025-04-22 22:10:52.045509,3340.21,3340.56
2025-04-22 22:10:52.726459,3340.36,3340.71
2025-04-22 22:10:53.214570,3340.3,3340.65
2025-04-22 22:10:53.653553,3340.93,3341.28
2025-04-22 22:10:54.151732,3341.05,3341.4
2025-04-22 22:10:54.712490,3341.19,3341.54
2025-04-22 22:10:55.221699,3341.33,3341.68
2025-04-22 22:10:55.723506,3341.48,3341.83
2025-04-22 22:10:56.138464,3341.63,3341.98
2025-04-22 22:10:56.843383,3341.92,3342.27
2025-04-22 22:10:57.382611,3341.9,3342.25
2025-04-22 22:10:57.782733,3341.92,3342.27
2025-04-22 22:10:58.199001,3341.83,3342.18
2025-04-22 22:10:58.705071,3341.93,3342.28
2025-04-22 22:10:59.274835,3341.97,3342.32
2025-04-22 22:10:59.495377,3342.18,3342.53
2025-04-22 22:11:00.099351,3342.07,3342.42
2025-04-22 22:11:00.635833,3342.37,3342.72
2025-04-22 22:11:01.375404,3342.65,3343.0
2025-04-22 22:11:01.557651,3342.58,3342.93
2025-04-22 22:11:01.789412,3342.63,3342.98
2025-04-22 22:11:02.312922,3342.4,3342.75
2025-04-22 22:11:02.834136,3342.1,3342.45
2025-04-22 22:11:03.112081,3341.76,3342.11
2025-04-22 22:11:03.283369,3341.71,3342.06
2025-04-22 22:11:03.833293,3340.62,3340.97
2025-04-22 22:11:04.331297,3340.47,3340.82
2025-04-22 22:11:04.606274,3340.32,3340.67
2025-04-22 22:11:04.652108,3340.46,3340.81
2025-04-22 22:11:05.010825,3340.56,3340.91
2025-04-22 22:11:05.564619,3341.27,3341.62
2025-04-22 22:11:06.059886,3341.15,3341.5
2025-04-22 22:11:06.117981,3341.0,3341.35
2025-04-22 22:11:06.623508,3340.91,3341.26
2025-04-22 22:11:07.151267,3340.83,3341.18
2025-04-22 22:11:07.608756,3340.65,3341.0
2025-04-22 22:11:08.129772,3340.68,3341.03
2025-04-22 22:11:08.350860,3340.87,3341.22
2025-04-22 22:11:08.957028,3340.77,3341.12
2025-04-22 22:11:09.576228,3340.89,3341.24
2025-04-22 22:11:09.990646,3340.88,3341.23
2025-04-22 22:11:10.485632,3340.73,3341.08
2025-04-22 22:11:10.556502,3340.51,3340.86
2025-04-22 22:11:10.842174,3339.95,3340.3
2025-04-22 22:11:11.056143,3339.88,3340.23
2025-04-22 22:11:11.734583,3339.8,3340.15
2025-04-22 22:11:12.464617,3339.88,3340.23
2025-04-22 22:11:12.759537,3339.68,3340.03
2025-04-22 22:11:13.726631,3339.64,3339.99
2025-04-22 22:11:14.305350,3339.5,3339.85
2025-04-22 22:11:14.823111,3339.29,3339.64
2025-04-22 22:11:15.220239,3339.03,3339.38
2025-04-22 22:11:15.530811,3339.04,3339.39
2025-04-22 22:11:15.828905,3339.07,3339.42
2025-04-22 22:11:16.247727,3339.09,3339.44
2025-04-22 22:11:16.989409,3339.28,3339.63
2025-04-22 22:11:17.309391,3338.51,3338.86
2025-04-22 22:11:17.806732,3337.21,3337.56
2025-04-22 22:11:18.028610,3337.12,3337.47
2025-04-22 22:11:18.334913,3337.07,3337.42
2025-04-22 22:11:18.590082,3337.12,3337.47
2025-04-22 22:11:19.308488,3337.19,3337.54
2025-04-22 22:11:19.799513,3337.51,3337.86
2025-04-22 22:11:20.355017,3337.68,3338.03
2025-04-22 22:11:20.672911,3337.55,3337.9
2025-04-22 22:11:22.187349,3337.63,3337.98
2025-04-22 22:11:22.328912,3337.86,3338.21
2025-04-22 22:11:22.781065,3338.04,3338.39
2025-04-22 22:11:23.167033,3338.35,3338.7
2025-04-22 22:11:23.804729,3338.34,3338.69
2025-04-22 22:11:24.308978,3338.28,3338.63
2025-04-22 22:11:24.465864,3337.62,3337.97
2025-04-22 22:11:25.400300,3337.63,3337.98
2025-04-22 22:11:25.911449,3337.94,3338.29
2025-04-22 22:11:26.045231,3337.97,3338.32
2025-04-22 22:11:26.638486,3338.03,3338.38
2025-04-22 22:11:27.369121,3338.48,3338.83
2025-04-22 22:11:28.098712,3338.63,3338.98
2025-04-22 22:11:28.326134,3338.48,3338.83
2025-04-22 22:11:28.828050,3338.44,3338.79
2025-04-22 22:11:28.880013,3338.38,3338.73
2025-04-22 22:11:29.672921,3338.36,3338.71
2025-04-22 22:11:30.869065,3338.38,3338.73
2025-04-22 22:11:31.725240,3338.35,3338.7
2025-04-22 22:11:32.467436,3338.33,3338.68
2025-04-22 22:11:32.990533,3338.22,3338.57
2025-04-22 22:11:33.670228,3338.24,3338.59
2025-04-22 22:11:35.292871,3338.45,3338.8
2025-04-22 22:11:35.524290,3338.53,3338.88
2025-04-22 22:11:36.167226,3338.56,3338.91
2025-04-22 22:11:36.450507,3338.53,3338.88
2025-04-22 22:11:37.499719,3338.51,3338.86
2025-04-22 22:11:38.804118,3338.38,3338.73
2025-04-22 22:11:39.523177,3338.46,3338.81
2025-04-22 22:11:41.487795,3338.52,3338.87
2025-04-22 22:11:42.479627,3338.46,3338.81
2025-04-22 22:11:43.647609,3338.45,3338.8
2025-04-22 22:11:44.153825,3338.34,3338.69
2025-04-22 22:11:45.079488,3338.35,3338.7
2025-04-22 22:11:45.466253,3338.36,3338.71
2025-04-22 22:11:45.718822,3339.36,3339.71
2025-04-22 22:11:46.221535,3339.54,3339.89
2025-04-22 22:11:46.359663,3340.65,3341.0
2025-04-22 22:11:47.083246,3340.72,3341.07
2025-04-22 22:11:47.883935,3340.86,3341.21
2025-04-22 22:11:48.428947,3340.91,3341.26
2025-04-22 22:11:49.044539,3340.89,3341.24
2025-04-22 22:11:49.545105,3340.86,3341.21
2025-04-22 22:11:50.191539,3341.13,3341.48
2025-04-22 22:11:50.653321,3341.02,3341.37
2025-04-22 22:11:50.961918,3341.26,3341.61
2025-04-22 22:11:51.603521,3341.27,3341.62
2025-04-22 22:11:52.104067,3341.43,3341.78
2025-04-22 22:11:52.594624,3342.04,3342.39
2025-04-22 22:11:53.072747,3342.14,3342.49
2025-04-22 22:11:53.275645,3342.52,3342.87
2025-04-22 22:11:54.092619,3343.11,3343.46
2025-04-22 22:11:54.596061,3343.66,3344.01
2025-04-22 22:11:55.102091,3343.71,3344.06
2025-04-22 22:11:55.420486,3343.72,3344.07
2025-04-22 22:11:55.650130,3343.77,3344.12
2025-04-22 22:11:56.152642,3344.0,3344.35
2025-04-22 22:11:56.655534,3343.86,3344.21
2025-04-22 22:11:57.054244,3343.91,3344.26
2025-04-22 22:11:57.551729,3344.02,3344.37
2025-04-22 22:11:58.447122,3343.92,3344.27
2025-04-22 22:11:58.876081,3344.02,3344.37
2025-04-22 22:11:59.368907,3344.45,3344.8
2025-04-22 22:11:59.725592,3344.49,3344.84
2025-04-22 22:12:00.292294,3344.48,3344.83
2025-04-22 22:12:00.815679,3344.41,3344.76
2025-04-22 22:12:01.226652,3344.55,3344.9
2025-04-22 22:12:01.797508,3344.28,3344.63
2025-04-22 22:12:02.392487,3344.44,3344.79
2025-04-22 22:12:02.887712,3344.51,3344.86
2025-04-22 22:12:03.391841,3344.83,3345.18
2025-04-22 22:12:03.893169,3345.32,3345.67
2025-04-22 22:12:04.395855,3345.33,3345.68
2025-04-22 22:12:04.762438,3346.13,3346.48
2025-04-22 22:12:05.048552,3346.76,3347.11
2025-04-22 22:12:05.217105,3346.82,3347.17
2025-04-22 22:12:05.722794,3346.63,3346.98
2025-04-22 22:12:05.759363,3346.68,3347.03
2025-04-22 22:12:06.012377,3346.99,3347.34
2025-04-22 22:12:06.418730,3346.98,3347.33
2025-04-22 22:12:06.918649,3346.68,3347.03
2025-04-22 22:12:07.320020,3345.54,3345.89
2025-04-22 22:12:07.661356,3345.52,3345.87
2025-04-22 22:12:08.157832,3345.83,3346.18
2025-04-22 22:12:08.321250,3345.72,3346.07
2025-04-22 22:12:08.568916,3345.74,3346.09
2025-04-22 22:12:09.168613,3345.96,3346.31
2025-04-22 22:12:09.507344,3345.93,3346.28
2025-04-22 22:12:10.001550,3346.04,3346.39
2025-04-22 22:12:10.500262,3345.87,3346.22
2025-04-22 22:12:11.003397,3345.73,3346.08
2025-04-22 22:12:11.494194,3345.67,3346.02
2025-04-22 22:12:11.943871,3345.58,3345.93
2025-04-22 22:12:12.465615,3345.42,3345.77
2025-04-22 22:12:12.818204,3345.49,3345.84
2025-04-22 22:12:13.474621,3344.89,3345.24
2025-04-22 22:12:14.364973,3343.93,3344.28
2025-04-22 22:12:14.642944,3343.8,3344.15
2025-04-22 22:12:15.966109,3343.63,3343.98
2025-04-22 22:12:17.955302,3344.11,3344.46
2025-04-22 22:12:18.323815,3344.19,3344.54
2025-04-22 22:12:18.808804,3344.13,3344.48
2025-04-22 22:12:21.035754,3344.21,3344.56
2025-04-22 22:12:21.507810,3344.32,3344.67
2025-04-22 22:12:22.015313,3344.72,3345.07
2025-04-22 22:12:22.460094,3344.68,3345.03
2025-04-22 22:12:22.505044,3344.67,3345.02
2025-04-22 22:12:23.871425,3344.73,3345.08
2025-04-22 22:12:24.750231,3344.64,3344.99
2025-04-22 22:12:25.336310,3344.49,3344.84
2025-04-22 22:12:25.874508,3345.26,3345.61
2025-04-22 22:12:26.209075,3345.17,3345.52
2025-04-22 22:12:26.471644,3345.14,3345.49
2025-04-22 22:12:28.164590,3345.44,3345.79
2025-04-22 22:12:28.259411,3345.34,3345.69
2025-04-22 22:12:28.711276,3345.27,3345.62
2025-04-22 22:12:28.931308,3344.57,3344.92
2025-04-22 22:12:29.400631,3344.28,3344.63
2025-04-22 22:12:29.627582,3344.4,3344.75
2025-04-22 22:12:32.700171,3344.39,3344.74
2025-04-22 22:12:33.004943,3344.89,3345.24
2025-04-22 22:12:33.760594,3344.54,3344.89
2025-04-22 22:12:34.178120,3343.82,3344.17
2025-04-22 22:12:34.830473,3343.54,3343.89
2025-04-22 22:12:35.082658,3343.17,3343.52
2025-04-22 22:12:35.302319,3343.03,3343.38
2025-04-22 22:12:35.722962,3343.02,3343.37
2025-04-22 22:12:36.416903,3343.03,3343.38
2025-04-22 22:12:37.010086,3342.77,3343.12
2025-04-22 22:12:37.519879,3342.8,3343.15
2025-04-22 22:12:37.972935,3342.95,3343.3
2025-04-22 22:12:38.171534,3343.55,3343.9
2025-04-22 22:12:38.727822,3343.81,3344.16
2025-04-22 22:12:39.043569,3343.76,3344.11
2025-04-22 22:12:39.294753,3343.65,3344.0
2025-04-22 22:12:39.788161,3343.69,3344.04
2025-04-22 22:12:40.966854,3343.65,3344.0
2025-04-22 22:12:42.301258,3343.63,3343.98
2025-04-22 22:12:43.890375,3342.3,3342.65
2025-04-22 22:12:44.120891,3341.77,3342.12
2025-04-22 22:12:44.504277,3341.53,3341.88
2025-04-22 22:12:45.204997,3341.5,3341.85
2025-04-22 22:12:46.326054,3341.35,3341.7
2025-04-22 22:12:47.164079,3341.32,3341.67
2025-04-22 22:12:47.311650,3341.28,3341.63
2025-04-22 22:12:47.664334,3340.53,3340.88
2025-04-22 22:12:48.178063,3340.51,3340.86
2025-04-22 22:12:49.169562,3340.43,3340.78
2025-04-22 22:12:49.441989,3340.32,3340.67
2025-04-22 22:12:50.816617,3340.34,3340.69
2025-04-22 22:12:51.936716,3340.36,3340.71
2025-04-22 22:12:52.205512,3340.38,3340.73
2025-04-22 22:12:52.917442,3340.83,3341.18
2025-04-22 22:12:54.197579,3340.69,3341.04
2025-04-22 22:12:55.065366,3340.45,3340.8
2025-04-22 22:12:55.424684,3340.66,3341.01
2025-04-22 22:12:55.917319,3340.67,3341.02
2025-04-22 22:12:58.157765,3342.09,3342.44
2025-04-22 22:12:59.155849,3342.18,3342.53
2025-04-22 22:12:59.405376,3342.06,3342.41
2025-04-22 22:12:59.870619,3341.26,3341.61
2025-04-22 22:13:00.494254,3341.25,3341.6
2025-04-22 22:13:01.361360,3341.29,3341.64
2025-04-22 22:13:03.118645,3341.22,3341.57
2025-04-22 22:13:03.479029,3341.1,3341.45
2025-04-22 22:13:03.725422,3341.14,3341.49
2025-04-22 22:13:04.612133,3341.1,3341.45
2025-04-22 22:13:06.552053,3341.17,3341.52
2025-04-22 22:13:07.046430,3341.15,3341.5
2025-04-22 22:13:07.522055,3341.14,3341.49
2025-04-22 22:13:09.149126,3341.08,3341.43
2025-04-22 22:13:09.542097,3341.05,3341.4
2025-04-22 22:13:10.055495,3341.11,3341.46
2025-04-22 22:13:10.900457,3340.98,3341.33
2025-04-22 22:13:11.400923,3340.68,3341.03
2025-04-22 22:13:11.903118,3340.66,3341.01
2025-04-22 22:13:12.405393,3341.19,3341.54
2025-04-22 22:13:12.915940,3341.46,3341.81
2025-04-22 22:13:14.419251,3341.47,3341.82
2025-04-22 22:13:15.180706,3341.48,3341.83
2025-04-22 22:13:16.184011,3341.41,3341.76
2025-04-22 22:13:17.012325,3341.48,3341.83
2025-04-22 22:13:18.023598,3341.41,3341.76
2025-04-22 22:13:19.722692,3341.37,3341.72
2025-04-22 22:13:19.914048,3340.84,3341.19
2025-04-22 22:13:20.919739,3340.67,3341.02
2025-04-22 22:13:22.289166,3340.69,3341.04
2025-04-22 22:13:23.983194,3340.68,3341.03
2025-04-22 22:13:24.274818,3340.62,3340.97
2025-04-22 22:13:25.574917,3340.67,3341.02
2025-04-22 22:13:26.023992,3340.64,3340.99
2025-04-22 22:13:26.532729,3340.36,3340.71
2025-04-22 22:13:27.237443,3340.32,3340.67
2025-04-22 22:13:28.861584,3338.81,3339.16
2025-04-22 22:13:29.207089,3339.47,3339.82
2025-04-22 22:13:29.698223,3339.56,3339.91
2025-04-22 22:13:30.029896,3338.89,3339.24
2025-04-22 22:13:30.533903,3339.02,3339.37
2025-04-22 22:13:30.635534,3339.1,3339.45
2025-04-22 22:13:31.357747,3338.88,3339.23
2025-04-22 22:13:31.862508,3338.85,3339.2
2025-04-22 22:13:32.261478,3338.84,3339.19
2025-04-22 22:13:32.886353,3338.86,3339.21
2025-04-22 22:13:33.252373,3339.01,3339.36
2025-04-22 22:13:34.697660,3339.06,3339.41
2025-04-22 22:13:37.857796,3339.54,3339.89
2025-04-22 22:13:38.360865,3339.79,3340.14
2025-04-22 22:13:38.862626,3340.07,3340.42
2025-04-22 22:13:39.033852,3340.55,3340.9
2025-04-22 22:13:39.524206,3341.24,3341.59
2025-04-22 22:13:39.817147,3342.02,3342.37
2025-04-22 22:13:40.804792,3342.05,3342.4
2025-04-22 22:13:40.889919,3342.04,3342.39
2025-04-22 22:13:41.394068,3341.98,3342.33
2025-04-22 22:13:41.473957,3342.13,3342.48
2025-04-22 22:13:41.963906,3341.97,3342.32
2025-04-22 22:13:42.481722,3341.98,3342.33
2025-04-22 22:13:42.741539,3341.93,3342.28
2025-04-22 22:13:43.472084,3341.63,3341.98
2025-04-22 22:13:43.755052,3341.39,3341.74
2025-04-22 22:13:44.130514,3341.19,3341.54
2025-04-22 22:13:44.935825,3341.03,3341.38
2025-04-22 22:13:45.433680,3341.29,3341.64
2025-04-22 22:13:47.147086,3341.08,3341.43
2025-04-22 22:13:49.250445,3340.36,3340.71
2025-04-22 22:13:49.754302,3340.29,3340.64
2025-04-22 22:13:50.255602,3340.25,3340.6
2025-04-22 22:13:51.874323,3340.26,3340.61
2025-04-22 22:13:52.368868,3340.3,3340.65
2025-04-22 22:13:53.374705,3340.37,3340.72
2025-04-22 22:13:53.459495,3340.42,3340.77
2025-04-22 22:13:54.904926,3340.41,3340.76
2025-04-22 22:13:56.869162,3340.42,3340.77
2025-04-22 22:13:57.167188,3340.29,3340.64
2025-04-22 22:13:57.805944,3340.32,3340.67
2025-04-22 22:13:58.120353,3340.04,3340.39
2025-04-22 22:13:58.881079,3340.07,3340.42
2025-04-22 22:13:59.683125,3340.13,3340.48
2025-04-22 22:14:00.589175,3340.37,3340.72
2025-04-22 22:14:01.091991,3339.58,3339.93
2025-04-22 22:14:01.861544,3339.27,3339.62
2025-04-22 22:14:02.715072,3338.99,3339.34
2025-04-22 22:14:03.457472,3338.3,3338.65
2025-04-22 22:14:03.888497,3338.29,3338.64
2025-04-22 22:14:04.616683,3338.19,3338.54
2025-04-22 22:14:05.089075,3338.41,3338.76
2025-04-22 22:14:05.592076,3338.29,3338.64
2025-04-22 22:14:05.772056,3338.14,3338.49
2025-04-22 22:14:06.271312,3337.7,3338.05
2025-04-22 22:14:07.765807,3337.71,3338.06
2025-04-22 22:14:07.908017,3337.77,3338.12
2025-04-22 22:14:08.401869,3337.74,3338.09
2025-04-22 22:14:08.913960,3337.57,3337.92
2025-04-22 22:14:09.145723,3337.49,3337.84
2025-04-22 22:14:11.256661,3337.48,3337.83
2025-04-22 22:14:11.749545,3337.67,3338.02
2025-04-22 22:14:12.249498,3337.82,3338.17
2025-04-22 22:14:12.743042,3337.71,3338.06
2025-04-22 22:14:13.741973,3337.81,3338.16
2025-04-22 22:14:14.124368,3337.82,3338.17
2025-04-22 22:14:14.625577,3337.79,3338.14
2025-04-22 22:14:15.253480,3337.81,3338.16
2025-04-22 22:14:15.784542,3338.3,3338.65
2025-04-22 22:14:16.274949,3338.55,3338.9
2025-04-22 22:14:16.800833,3338.71,3339.06
2025-04-22 22:14:17.242574,3338.72,3339.07
2025-04-22 22:14:18.128184,3338.89,3339.24
2025-04-22 22:14:18.357100,3339.97,3340.32
2025-04-22 22:14:19.007642,3339.76,3340.11
2025-04-22 22:14:19.897499,3339.73,3340.08
2025-04-22 22:14:20.385086,3339.9,3340.25
2025-04-22 22:14:20.896468,3339.86,3340.21
2025-04-22 22:14:21.394885,3339.65,3340.0
2025-04-22 22:14:22.384304,3339.02,3339.37
2025-04-22 22:14:23.037482,3338.72,3339.07
2025-04-22 22:14:23.524842,3338.64,3338.99
2025-04-22 22:14:23.782504,3338.61,3338.96
2025-04-22 22:14:24.779179,3338.43,3338.78
2025-04-22 22:14:25.772975,3338.29,3338.64
2025-04-22 22:14:26.281614,3338.17,3338.52
2025-04-22 22:14:26.776986,3337.98,3338.33
2025-04-22 22:14:27.029986,3338.05,3338.4
2025-04-22 22:14:29.799941,3338.04,3338.39
2025-04-22 22:14:30.298370,3337.58,3337.93
2025-04-22 22:14:30.792429,3337.39,3337.74
2025-04-22 22:14:31.674669,3336.88,3337.23
2025-04-22 22:14:32.241048,3336.85,3337.2
2025-04-22 22:14:33.607163,3336.78,3337.13
2025-04-22 22:14:33.885726,3336.42,3336.77
2025-04-22 22:14:34.687475,3336.33,3336.68
2025-04-22 22:14:35.689023,3335.91,3336.26
2025-04-22 22:14:35.864066,3335.83,3336.18
2025-04-22 22:14:36.377709,3335.49,3335.84
2025-04-22 22:14:36.560319,3335.18,3335.53
2025-04-22 22:14:36.827618,3334.78,3335.13
2025-04-22 22:14:37.077729,3334.51,3334.86
2025-04-22 22:14:37.572278,3333.43,3333.78
2025-04-22 22:14:38.076359,3333.54,3333.89
2025-04-22 22:14:38.602347,3333.59,3333.94
2025-04-22 22:14:39.118506,3333.55,3333.9
2025-04-22 22:14:39.550046,3333.57,3333.92
2025-04-22 22:14:40.039551,3333.88,3334.23
2025-04-22 22:14:40.546939,3333.95,3334.3
2025-04-22 22:14:41.042965,3334.07,3334.42
2025-04-22 22:14:41.551907,3334.06,3334.41
2025-04-22 22:14:42.551600,3334.08,3334.43
2025-04-22 22:14:43.540101,3333.99,3334.34
2025-04-22 22:14:44.046012,3333.9,3334.25
2025-04-22 22:14:44.539569,3334.41,3334.76
2025-04-22 22:14:45.292805,3334.63,3334.98
2025-04-22 22:14:45.793416,3334.67,3335.02
2025-04-22 22:14:46.237925,3334.85,3335.2
2025-04-22 22:14:46.489280,3334.65,3335.0
2025-04-22 22:14:46.989465,3334.64,3334.99
2025-04-22 22:14:48.007783,3334.83,3335.18
2025-04-22 22:14:48.510999,3335.16,3335.51
2025-04-22 22:14:49.294198,3335.42,3335.77
2025-04-22 22:14:49.791824,3335.56,3335.91
2025-04-22 22:14:50.290427,3335.23,3335.58
2025-04-22 22:14:50.793144,3334.79,3335.14
2025-04-22 22:14:51.288808,3335.01,3335.36
2025-04-22 22:14:51.555752,3335.27,3335.62
2025-04-22 22:14:51.746919,3335.32,3335.67
2025-04-22 22:14:52.328839,3335.0,3335.35
2025-04-22 22:14:52.566214,3334.99,3335.34
2025-04-22 22:14:52.787530,3335.01,3335.36
2025-04-22 22:14:53.350213,3335.17,3335.52
2025-04-22 22:14:53.960748,3335.08,3335.43
2025-04-22 22:14:54.231666,3334.95,3335.3
2025-04-22 22:14:54.541825,3334.96,3335.31
2025-04-22 22:14:55.669153,3334.98,3335.33
2025-04-22 22:14:55.922021,3335.01,3335.36
2025-04-22 22:14:56.177247,3334.99,3335.34
2025-04-22 22:14:56.413087,3334.93,3335.28
2025-04-22 22:14:56.874654,3335.04,3335.39
2025-04-22 22:14:57.634614,3335.14,3335.49
2025-04-22 22:14:57.804851,3335.22,3335.57
2025-04-22 22:14:58.097173,3335.23,3335.58
2025-04-22 22:14:58.392259,3335.42,3335.77
2025-04-22 22:14:59.356052,3335.31,3335.66
2025-04-22 22:14:59.829694,3335.34,3335.69
2025-04-22 22:15:00.064158,3335.53,3335.88
2025-04-22 22:15:00.313234,3335.68,3336.03
2025-04-22 22:15:00.793195,3335.69,3336.04
2025-04-22 22:15:01.002351,3335.46,3335.81
2025-04-22 22:15:01.764056,3335.44,3335.79
2025-04-22 22:15:02.000365,3335.73,3336.08
2025-04-22 22:15:02.309830,3335.83,3336.18
2025-04-22 22:15:02.873494,3335.81,3336.16
2025-04-22 22:15:03.460692,3335.8,3336.15
2025-04-22 22:15:03.776822,3335.85,3336.2
2025-04-22 22:15:04.228143,3335.94,3336.29
2025-04-22 22:15:04.906842,3336.09,3336.44
2025-04-22 22:15:05.443159,3336.33,3336.68
2025-04-22 22:15:05.788777,3336.34,3336.69
2025-04-22 22:15:06.122448,3336.37,3336.72
2025-04-22 22:15:06.414316,3336.32,3336.67
2025-04-22 22:15:06.962427,3336.3,3336.65
2025-04-22 22:15:07.434220,3336.26,3336.61
2025-04-22 22:15:08.109099,3336.2,3336.55
2025-04-22 22:15:08.615741,3336.22,3336.57
2025-04-22 22:15:09.056022,3336.17,3336.52
2025-04-22 22:15:09.479432,3335.57,3335.92
2025-04-22 22:15:09.984729,3335.56,3335.91
2025-04-22 22:15:10.321120,3335.57,3335.92
2025-04-22 22:15:10.741489,3335.98,3336.33
2025-04-22 22:15:11.191029,3336.09,3336.44
2025-04-22 22:15:11.502113,3336.08,3336.43
2025-04-22 22:15:11.797333,3336.19,3336.54
2025-04-22 22:15:12.087054,3335.91,3336.26
2025-04-22 22:15:12.272662,3335.87,3336.22
2025-04-22 22:15:12.578566,3335.83,3336.18
2025-04-22 22:15:13.086745,3335.43,3335.78
2025-04-22 22:15:13.585953,3335.44,3335.79
2025-04-22 22:15:14.020488,3335.47,3335.82
2025-04-22 22:15:14.263097,3335.33,3335.68
2025-04-22 22:15:14.579818,3335.31,3335.66
2025-04-22 22:15:15.030656,3335.18,3335.53
2025-04-22 22:15:15.322721,3335.17,3335.52
2025-04-22 22:15:15.674478,3335.02,3335.37
2025-04-22 22:15:16.373261,3335.03,3335.38
2025-04-22 22:15:17.126128,3335.02,3335.37
2025-04-22 22:15:17.421023,3335.06,3335.41
2025-04-22 22:15:18.070064,3335.07,3335.42
2025-04-22 22:15:19.931403,3335.14,3335.49
2025-04-22 22:15:19.994016,3335.23,3335.58
2025-04-22 22:15:20.571832,3335.17,3335.52
2025-04-22 22:15:20.838395,3335.09,3335.44
2025-04-22 22:15:21.584127,3335.05,3335.4
2025-04-22 22:15:22.697737,3335.12,3335.47
2025-04-22 22:15:23.451008,3335.38,3335.73
2025-04-22 22:15:23.965360,3335.42,3335.77
2025-04-22 22:15:24.651699,3335.41,3335.76
2025-04-22 22:15:25.062043,3335.69,3336.04
2025-04-22 22:15:25.410467,3335.64,3335.99
2025-04-22 22:15:25.648813,3335.56,3335.91
2025-04-22 22:15:25.951388,3335.61,3335.96
2025-04-22 22:15:26.613808,3335.55,3335.9
2025-04-22 22:15:26.839245,3335.54,3335.89
2025-04-22 22:15:27.078395,3335.61,3335.96
2025-04-22 22:15:27.890148,3335.55,3335.9
2025-04-22 22:15:28.038477,3335.54,3335.89
2025-04-22 22:15:28.544204,3335.44,3335.79
2025-04-22 22:15:29.064506,3335.28,3335.63
2025-04-22 22:15:29.480258,3335.24,3335.59
2025-04-22 22:15:29.776125,3335.22,3335.57
2025-04-22 22:15:29.991310,3335.33,3335.68
2025-04-22 22:15:30.453764,3335.37,3335.72
2025-04-22 22:15:31.827925,3335.39,3335.74
2025-04-22 22:15:32.083424,3335.4,3335.75
2025-04-22 22:15:33.215974,3335.54,3335.89
2025-04-22 22:15:33.662354,3335.68,3336.03
2025-04-22 22:15:34.205436,3335.65,3336.0
2025-04-22 22:15:34.575272,3335.67,3336.02
2025-04-22 22:15:34.933845,3335.69,3336.04
2025-04-22 22:15:35.206556,3335.68,3336.03
2025-04-22 22:15:35.570759,3335.56,3335.91
2025-04-22 22:15:36.726643,3335.67,3336.02
2025-04-22 22:15:37.248188,3335.66,3336.01
2025-04-22 22:15:37.873229,3335.39,3335.74
2025-04-22 22:15:38.381693,3335.36,3335.71
2025-04-22 22:15:39.582568,3335.35,3335.7
2025-04-22 22:15:39.927548,3335.29,3335.64
2025-04-22 22:15:40.892731,3334.11,3334.46
2025-04-22 22:15:41.404424,3334.04,3334.39
2025-04-22 22:15:41.621823,3333.67,3334.02
2025-04-22 22:15:42.216333,3333.46,3333.81
2025-04-22 22:15:42.387084,3333.59,3333.94
2025-04-22 22:15:42.895126,3333.41,3333.76
2025-04-22 22:15:43.047097,3333.46,3333.81
2025-04-22 22:15:43.380077,3333.5,3333.85
2025-04-22 22:15:44.129280,3333.45,3333.8
2025-04-22 22:15:44.403789,3333.53,3333.88
2025-04-22 22:15:44.800842,3333.51,3333.86
2025-04-22 22:15:45.146069,3333.44,3333.79
2025-04-22 22:15:45.528440,3332.96,3333.31
2025-04-22 22:15:45.819945,3332.98,3333.33
2025-04-22 22:15:46.149022,3332.99,3333.34
2025-04-22 22:15:46.469378,3333.2,3333.55
2025-04-22 22:15:46.743244,3333.08,3333.43
2025-04-22 22:15:47.255802,3332.99,3333.34
2025-04-22 22:15:47.721815,3332.09,3332.44
2025-04-22 22:15:48.031352,3331.99,3332.34
2025-04-22 22:15:48.251566,3331.82,3332.17
2025-04-22 22:15:48.804917,3331.62,3331.97
2025-04-22 22:15:49.165068,3331.57,3331.92
2025-04-22 22:15:49.663684,3331.49,3331.84
2025-04-22 22:15:50.168248,3330.98,3331.33
2025-04-22 22:15:50.423016,3331.54,3331.89
2025-04-22 22:15:50.688660,3331.5,3331.85
2025-04-22 22:15:50.959196,3331.61,3331.96
2025-04-22 22:15:51.165523,3331.58,3331.93
2025-04-22 22:15:51.586534,3331.53,3331.88
2025-04-22 22:15:52.026938,3331.66,3332.01
2025-04-22 22:15:52.525125,3331.71,3332.06
2025-04-22 22:15:53.150322,3331.76,3332.11
2025-04-22 22:15:53.503053,3332.27,3332.62
2025-04-22 22:15:53.765467,3332.08,3332.43
2025-04-22 22:15:54.097615,3332.38,3332.73
2025-04-22 22:15:54.718815,3332.47,3332.82
2025-04-22 22:15:55.121015,3332.37,3332.72
2025-04-22 22:15:55.389570,3332.33,3332.68
2025-04-22 22:15:55.720970,3332.34,3332.69
2025-04-22 22:15:56.125906,3332.52,3332.87
2025-04-22 22:15:56.612451,3332.5,3332.85
