timestamp,bid,ask
2025-12-12 18:06:58.683705,4297.29,4297.69
2025-12-12 18:06:58.995846,4297.3,4297.7
2025-12-12 18:06:59.277282,4297.36,4297.76
2025-12-12 18:06:59.630795,4297.37,4297.77
2025-12-12 18:06:59.877135,4297.35,4297.75
2025-12-12 18:07:00.138765,4297.39,4297.79
2025-12-12 18:07:00.650413,4297.32,4297.72
2025-12-12 18:07:00.912919,4297.41,4297.81
2025-12-12 18:07:01.488224,4297.33,4297.73
2025-12-12 18:07:02.184365,4297.24,4297.64
2025-12-12 18:07:02.461002,4297.35,4297.75
2025-12-12 18:07:02.697664,4297.33,4297.73
2025-12-12 18:07:02.944202,4297.57,4297.97
2025-12-12 18:07:03.192586,4297.75,4298.15
2025-12-12 18:07:03.692797,4297.79,4298.19
2025-12-12 18:07:04.190384,4297.74,4298.14
2025-12-12 18:07:04.586908,4297.73,4298.13
2025-12-12 18:07:05.088323,4297.65,4298.05
2025-12-12 18:07:06.044953,4297.53,4297.93
2025-12-12 18:07:06.345247,4297.39,4297.79
2025-12-12 18:07:06.823186,4297.59,4297.99
2025-12-12 18:07:06.865652,4297.49,4297.89
2025-12-12 18:07:07.362136,4297.5,4297.9
2025-12-12 18:07:07.877516,4297.65,4298.05
2025-12-12 18:07:08.107813,4297.11,4297.51
2025-12-12 18:07:08.353575,4297.13,4297.53
2025-12-12 18:07:08.617589,4297.16,4297.56
2025-12-12 18:07:08.944363,4297.19,4297.59
2025-12-12 18:07:09.115035,4297.11,4297.51
2025-12-12 18:07:09.420591,4297.15,4297.55
2025-12-12 18:07:09.856209,4297.16,4297.56
2025-12-12 18:07:10.781317,4297.14,4297.54
2025-12-12 18:07:11.248787,4297.12,4297.52
2025-12-12 18:07:11.484482,4297.1,4297.5
2025-12-12 18:07:12.300812,4297.09,4297.49
2025-12-12 18:07:12.754518,4297.1,4297.5
2025-12-12 18:07:13.203631,4297.14,4297.54
2025-12-12 18:07:13.702755,4297.15,4297.55
2025-12-12 18:07:13.927736,4297.16,4297.56
2025-12-12 18:07:14.144178,4297.22,4297.62
2025-12-12 18:07:14.673360,4297.21,4297.61
2025-12-12 18:07:14.763024,4297.2,4297.6
2025-12-12 18:07:14.895357,4297.19,4297.59
2025-12-12 18:07:15.154518,4297.2,4297.6
2025-12-12 18:07:16.956616,4297.49,4297.88
2025-12-12 18:07:17.231565,4297.68,4298.08
2025-12-12 18:07:17.481147,4298.16,4298.56
2025-12-12 18:07:17.696922,4298.08,4298.48
2025-12-12 18:07:17.913384,4298.06,4298.46
2025-12-12 18:07:18.453826,4298.13,4298.53
2025-12-12 18:07:18.690847,4298.17,4298.57
2025-12-12 18:07:18.941822,4298.16,4298.56
2025-12-12 18:07:19.205293,4298.15,4298.55
2025-12-12 18:07:19.449453,4298.12,4298.52
2025-12-12 18:07:19.942855,4298.06,4298.46
2025-12-12 18:07:20.082036,4298.09,4298.49
2025-12-12 18:07:20.159910,4298.08,4298.48
2025-12-12 18:07:20.376929,4298.06,4298.46
2025-12-12 18:07:20.607563,4298.03,4298.43
2025-12-12 18:07:20.855369,4298.06,4298.46
2025-12-12 18:07:21.314762,4298.08,4298.48
2025-12-12 18:07:22.010496,4297.89,4298.29
2025-12-12 18:07:22.209994,4297.92,4298.32
2025-12-12 18:07:22.470523,4297.87,4298.27
2025-12-12 18:07:22.687740,4297.6,4298.0
2025-12-12 18:07:23.012981,4297.64,4298.04
2025-12-12 18:07:23.590305,4297.61,4298.01
2025-12-12 18:07:23.879867,4297.8,4298.2
2025-12-12 18:07:24.052865,4297.76,4298.16
2025-12-12 18:07:24.435822,4297.55,4297.95
2025-12-12 18:07:24.667343,4297.62,4298.02
2025-12-12 18:07:24.886661,4297.89,4298.29
2025-12-12 18:07:25.148942,4297.87,4298.27
2025-12-12 18:07:25.706231,4297.96,4298.36
2025-12-12 18:07:26.050605,4297.69,4298.09
2025-12-12 18:07:26.218234,4297.72,4298.12
2025-12-12 18:07:26.833345,4297.73,4298.13
2025-12-12 18:07:27.492207,4297.74,4298.14
2025-12-12 18:07:27.694586,4297.73,4298.13
2025-12-12 18:07:28.020082,4297.71,4298.11
2025-12-12 18:07:28.220768,4297.73,4298.13
2025-12-12 18:07:28.423420,4297.76,4298.16
2025-12-12 18:07:29.154534,4297.72,4298.12
2025-12-12 18:07:29.391704,4297.78,4298.18
2025-12-12 18:07:29.543721,4297.76,4298.16
2025-12-12 18:07:29.969078,4297.74,4298.14
2025-12-12 18:07:30.202208,4297.69,4298.09
2025-12-12 18:07:30.409709,4297.74,4298.14
2025-12-12 18:07:30.659938,4297.76,4298.16
2025-12-12 18:07:30.722126,4297.77,4298.17
2025-12-12 18:07:30.925459,4297.69,4298.09
2025-12-12 18:07:31.123273,4297.7,4298.1
2025-12-12 18:07:31.802107,4297.38,4297.78
2025-12-12 18:07:32.050093,4297.43,4297.83
2025-12-12 18:07:32.744916,4297.2,4297.6
2025-12-12 18:07:33.162068,4297.24,4297.64
2025-12-12 18:07:33.469107,4297.22,4297.62
2025-12-12 18:07:33.669063,4297.27,4297.67
2025-12-12 18:07:34.757142,4297.24,4297.64
2025-12-12 18:07:34.914793,4297.2,4297.6
2025-12-12 18:07:35.142790,4297.1,4297.5
2025-12-12 18:07:35.410785,4296.99,4297.39
2025-12-12 18:07:35.653680,4297.09,4297.49
2025-12-12 18:07:36.136908,4297.07,4297.47
2025-12-12 18:07:36.228677,4297.23,4297.63
2025-12-12 18:07:36.727313,4297.61,4298.01
2025-12-12 18:07:37.047951,4297.73,4298.13
2025-12-12 18:07:37.281144,4297.67,4298.07
2025-12-12 18:07:37.624445,4297.68,4298.08
2025-12-12 18:07:38.465307,4297.66,4298.06
2025-12-12 18:07:38.742390,4297.62,4298.02
2025-12-12 18:07:39.008413,4297.46,4297.86
2025-12-12 18:07:39.191999,4297.37,4297.77
2025-12-12 18:07:39.490801,4297.67,4298.07
2025-12-12 18:07:39.716708,4297.5,4297.9
2025-12-12 18:07:40.131676,4297.57,4297.97
2025-12-12 18:07:40.395099,4297.58,4297.98
2025-12-12 18:07:40.642481,4297.55,4297.95
2025-12-12 18:07:40.876899,4297.57,4297.97
2025-12-12 18:07:41.117611,4297.6,4298.0
2025-12-12 18:07:41.327465,4297.59,4297.99
2025-12-12 18:07:41.585593,4297.58,4297.98
2025-12-12 18:07:41.816329,4297.63,4298.03
2025-12-12 18:07:42.338388,4297.62,4298.02
2025-12-12 18:07:42.846880,4297.73,4298.13
2025-12-12 18:07:43.097025,4297.68,4298.08
2025-12-12 18:07:43.364286,4297.66,4298.06
2025-12-12 18:07:43.602604,4297.65,4298.05
2025-12-12 18:07:44.027455,4297.67,4298.07
2025-12-12 18:07:44.243095,4297.7,4298.1
2025-12-12 18:07:44.538378,4297.97,4298.37
2025-12-12 18:07:44.841919,4298.02,4298.42
2025-12-12 18:07:45.891517,4298.06,4298.46
2025-12-12 18:07:46.463904,4298.05,4298.45
2025-12-12 18:07:46.914191,4298.03,4298.43
2025-12-12 18:07:47.145120,4298.02,4298.42
2025-12-12 18:07:47.411243,4298.06,4298.46
2025-12-12 18:07:47.640969,4298.05,4298.45
2025-12-12 18:07:48.200425,4298.08,4298.48
2025-12-12 18:07:48.750525,4298.05,4298.45
2025-12-12 18:07:49.323077,4298.04,4298.44
2025-12-12 18:07:49.590061,4298.08,4298.48
2025-12-12 18:07:49.873821,4298.13,4298.53
2025-12-12 18:07:50.197345,4298.15,4298.55
2025-12-12 18:07:51.109593,4298.13,4298.53
2025-12-12 18:07:51.733559,4298.12,4298.52
2025-12-12 18:07:52.023032,4298.12,4298.7
2025-12-12 18:07:52.241481,4298.13,4298.53
2025-12-12 18:07:52.555059,4297.98,4298.38
2025-12-12 18:07:52.829112,4297.89,4298.29
2025-12-12 18:07:53.034662,4297.91,4298.31
2025-12-12 18:07:53.267472,4298.06,4298.46
2025-12-12 18:07:53.529177,4298.11,4298.51
2025-12-12 18:07:53.811978,4298.12,4298.52
2025-12-12 18:07:54.076550,4298.13,4298.53
2025-12-12 18:07:54.807512,4298.17,4298.57
2025-12-12 18:07:55.313075,4298.1,4298.5
2025-12-12 18:07:55.594233,4298.15,4298.55
2025-12-12 18:07:56.149421,4298.17,4298.57
2025-12-12 18:07:56.349486,4298.19,4298.59
2025-12-12 18:07:57.543175,4298.18,4298.58
2025-12-12 18:07:57.792503,4298.2,4298.6
2025-12-12 18:07:58.356214,4298.24,4298.64
2025-12-12 18:07:58.864133,4298.23,4298.63
2025-12-12 18:07:59.204035,4298.24,4298.64
2025-12-12 18:07:59.865856,4298.23,4298.63
2025-12-12 18:07:59.913804,4298.19,4298.59
2025-12-12 18:08:00.707042,4298.16,4298.56
2025-12-12 18:08:00.905028,4298.15,4298.55
2025-12-12 18:08:01.151827,4298.2,4298.6
2025-12-12 18:08:01.334201,4298.18,4298.58
2025-12-12 18:08:01.580387,4298.17,4298.57
2025-12-12 18:08:01.815225,4298.16,4298.56
2025-12-12 18:08:02.046216,4298.14,4298.54
2025-12-12 18:08:02.514402,4298.1,4298.5
2025-12-12 18:08:02.757870,4298.09,4298.49
2025-12-12 18:08:03.035922,4298.11,4298.51
2025-12-12 18:08:03.949048,4298.2,4298.6
2025-12-12 18:08:04.492673,4298.21,4298.61
2025-12-12 18:08:04.598624,4298.23,4298.63
2025-12-12 18:08:05.237100,4298.22,4298.62
2025-12-12 18:08:05.502943,4298.34,4298.74
2025-12-12 18:08:05.919480,4298.33,4298.73
2025-12-12 18:08:06.184635,4298.31,4298.71
2025-12-12 18:08:07.208585,4298.33,4298.73
2025-12-12 18:08:07.708730,4298.31,4298.71
2025-12-12 18:08:08.114823,4298.32,4298.72
2025-12-12 18:08:08.366069,4298.28,4298.68
2025-12-12 18:08:08.719412,4298.27,4298.67
2025-12-12 18:08:08.952182,4298.3,4298.7
2025-12-12 18:08:09.905576,4298.44,4298.84
2025-12-12 18:08:10.637700,4298.08,4298.48
2025-12-12 18:08:10.651188,4298.12,4298.52
2025-12-12 18:08:10.916762,4298.13,4298.53
2025-12-12 18:08:11.815838,4298.11,4298.51
2025-12-12 18:08:12.330012,4298.13,4298.53
2025-12-12 18:08:13.073400,4298.12,4298.52
2025-12-12 18:08:13.335981,4298.11,4298.51
2025-12-12 18:08:13.573035,4298.21,4298.61
2025-12-12 18:08:13.819330,4298.1,4298.5
2025-12-12 18:08:14.072013,4298.14,4298.54
2025-12-12 18:08:14.347671,4298.23,4298.63
2025-12-12 18:08:14.707149,4298.29,4298.69
2025-12-12 18:08:14.781316,4298.25,4298.65
2025-12-12 18:08:15.310991,4298.17,4298.57
2025-12-12 18:08:15.357538,4298.16,4298.56
2025-12-12 18:08:15.540017,4298.09,4298.49
2025-12-12 18:08:15.599640,4298.16,4298.56
2025-12-12 18:08:15.771193,4298.18,4298.58
2025-12-12 18:08:16.113274,4298.2,4298.6
2025-12-12 18:08:16.513146,4298.18,4298.58
2025-12-12 18:08:16.874409,4298.19,4298.59
2025-12-12 18:08:17.365461,4298.14,4298.54
2025-12-12 18:08:17.630146,4298.19,4298.59
2025-12-12 18:08:18.123277,4298.27,4298.67
2025-12-12 18:08:18.399197,4298.25,4298.65
2025-12-12 18:08:18.849117,4298.26,4298.66
2025-12-12 18:08:19.055101,4298.24,4298.64
2025-12-12 18:08:19.518369,4298.23,4298.63
2025-12-12 18:08:19.657624,4298.24,4298.64
2025-12-12 18:08:20.143414,4298.2,4298.6
2025-12-12 18:08:20.701518,4298.17,4298.57
2025-12-12 18:08:20.931014,4298.19,4298.59
2025-12-12 18:08:21.162077,4298.18,4298.58
2025-12-12 18:08:22.846907,4298.0,4298.4
2025-12-12 18:08:23.094303,4297.68,4298.08
2025-12-12 18:08:23.301442,4297.76,4298.16
2025-12-12 18:08:23.691036,4297.84,4298.24
2025-12-12 18:08:23.963355,4297.85,4298.25
2025-12-12 18:08:24.195015,4298.07,4298.47
2025-12-12 18:08:24.625010,4298.11,4298.51
2025-12-12 18:08:25.197794,4298.13,4298.53
2025-12-12 18:08:25.584607,4298.21,4298.61
2025-12-12 18:08:25.912092,4298.19,4298.59
2025-12-12 18:08:26.142715,4298.06,4298.46
2025-12-12 18:08:26.421919,4298.08,4298.48
2025-12-12 18:08:27.465600,4298.07,4298.47
2025-12-12 18:08:27.795275,4298.06,4298.46
2025-12-12 18:08:27.978358,4298.04,4298.44
2025-12-12 18:08:28.230161,4298.03,4298.43
2025-12-12 18:08:28.459481,4298.02,4298.42
2025-12-12 18:08:29.113003,4298.05,4298.45
2025-12-12 18:08:29.342611,4298.08,4298.48
2025-12-12 18:08:29.423123,4298.12,4298.52
2025-12-12 18:08:29.842876,4298.15,4298.55
2025-12-12 18:08:30.369642,4298.16,4298.56
2025-12-12 18:08:30.599622,4298.22,4298.62
2025-12-12 18:08:30.875886,4298.28,4298.68
2025-12-12 18:08:32.079133,4298.27,4298.67
2025-12-12 18:08:33.009788,4298.25,4298.65
2025-12-12 18:08:33.489923,4298.28,4298.68
2025-12-12 18:08:33.709444,4298.24,4298.64
2025-12-12 18:08:34.053071,4298.28,4298.68
2025-12-12 18:08:34.269040,4298.3,4298.7
2025-12-12 18:08:34.611913,4298.33,4298.73
2025-12-12 18:08:35.016402,4298.23,4298.63
2025-12-12 18:08:35.376407,4298.16,4298.56
2025-12-12 18:08:35.606305,4298.13,4298.53
2025-12-12 18:08:36.092082,4298.12,4298.52
2025-12-12 18:08:36.306537,4298.13,4298.53
2025-12-12 18:08:36.569783,4298.28,4298.68
2025-12-12 18:08:37.328385,4298.36,4298.76
2025-12-12 18:08:37.684814,4298.38,4298.78
2025-12-12 18:08:38.042646,4298.4,4298.8
2025-12-12 18:08:38.447550,4298.55,4298.95
2025-12-12 18:08:38.695331,4298.56,4298.96
2025-12-12 18:08:38.911088,4298.57,4298.97
2025-12-12 18:08:39.145318,4298.64,4299.04
2025-12-12 18:08:39.875672,4298.58,4298.98
2025-12-12 18:08:40.138949,4298.61,4299.01
2025-12-12 18:08:40.665237,4298.64,4299.04
2025-12-12 18:08:41.488223,4298.53,4299.1
2025-12-12 18:08:41.641291,4298.65,4299.05
2025-12-12 18:08:42.269209,4298.57,4298.97
2025-12-12 18:08:42.486930,4298.71,4299.11
2025-12-12 18:08:42.721937,4298.77,4299.17
2025-12-12 18:08:43.060087,4298.67,4299.07
2025-12-12 18:08:43.419734,4298.59,4298.99
2025-12-12 18:08:43.712198,4298.65,4299.05
2025-12-12 18:08:43.945791,4298.66,4299.06
2025-12-12 18:08:44.145390,4298.75,4299.15
2025-12-12 18:08:44.361169,4298.81,4299.21
2025-12-12 18:08:44.797843,4298.82,4299.22
2025-12-12 18:08:45.040955,4298.58,4299.18
2025-12-12 18:08:45.353884,4298.9,4299.3
2025-12-12 18:08:45.878035,4298.96,4299.36
2025-12-12 18:08:46.092476,4298.94,4299.34
2025-12-12 18:08:46.273430,4298.7,4299.31
2025-12-12 18:08:46.622087,4298.92,4299.32
2025-12-12 18:08:46.787991,4298.93,4299.33
2025-12-12 18:08:47.502706,4298.92,4299.32
2025-12-12 18:08:47.729192,4298.94,4299.34
2025-12-12 18:08:47.836052,4298.96,4299.36
2025-12-12 18:08:48.213855,4299.02,4299.42
2025-12-12 18:08:48.739674,4298.92,4299.32
2025-12-12 18:08:49.003037,4298.93,4299.33
2025-12-12 18:08:49.083100,4298.98,4299.38
2025-12-12 18:08:49.277805,4298.97,4299.37
2025-12-12 18:08:49.592138,4298.84,4299.24
2025-12-12 18:08:49.869544,4298.68,4299.24
2025-12-12 18:08:50.101318,4298.57,4298.97
2025-12-12 18:08:50.891676,4298.48,4298.88
2025-12-12 18:08:51.148107,4298.47,4298.87
2025-12-12 18:08:51.815719,4298.48,4298.88
2025-12-12 18:08:52.159885,4298.45,4298.85
2025-12-12 18:08:52.357593,4298.44,4298.84
2025-12-12 18:08:52.623298,4298.79,4299.19
2025-12-12 18:08:53.014319,4298.68,4299.08
2025-12-12 18:08:53.198276,4298.65,4299.05
2025-12-12 18:08:53.414812,4298.64,4299.04
2025-12-12 18:08:53.863038,4298.63,4299.03
2025-12-12 18:08:54.112660,4298.67,4299.07
2025-12-12 18:08:54.646862,4298.63,4299.03
2025-12-12 18:08:54.908148,4298.62,4299.02
2025-12-12 18:08:55.681341,4298.61,4299.01
2025-12-12 18:08:55.973250,4298.36,4298.99
2025-12-12 18:08:56.273644,4298.42,4298.82
2025-12-12 18:08:56.581731,4298.43,4298.83
2025-12-12 18:08:57.090925,4298.41,4298.81
2025-12-12 18:08:57.290032,4298.37,4298.77
2025-12-12 18:08:57.634593,4298.39,4298.79
2025-12-12 18:08:57.864835,4298.37,4298.77
2025-12-12 18:08:58.355117,4298.36,4298.76
2025-12-12 18:08:59.177227,4298.39,4298.79
2025-12-12 18:08:59.442286,4298.71,4299.11
2025-12-12 18:08:59.658902,4298.68,4299.08
2025-12-12 18:08:59.916505,4298.74,4299.14
2025-12-12 18:09:00.022781,4298.23,4298.63
2025-12-12 18:09:00.109248,4298.24,4298.64
2025-12-12 18:09:00.366741,4297.87,4298.27
2025-12-12 18:09:00.625915,4297.9,4298.3
2025-12-12 18:09:00.888454,4298.1,4298.5
2025-12-12 18:09:01.092288,4298.08,4298.48
2025-12-12 18:09:01.339262,4298.05,4298.45
2025-12-12 18:09:01.617704,4298.06,4298.46
2025-12-12 18:09:01.876133,4298.11,4298.51
2025-12-12 18:09:02.061186,4298.06,4298.46
2025-12-12 18:09:02.397476,4298.08,4298.48
2025-12-12 18:09:02.568379,4298.06,4298.46
2025-12-12 18:09:02.758012,4297.92,4298.32
2025-12-12 18:09:03.015914,4297.9,4298.3
2025-12-12 18:09:03.273949,4297.67,4298.07
2025-12-12 18:09:03.545284,4297.71,4298.11
2025-12-12 18:09:03.834745,4297.64,4298.04
2025-12-12 18:09:04.041499,4297.7,4298.1
2025-12-12 18:09:04.378734,4297.79,4298.19
2025-12-12 18:09:04.623889,4297.74,4298.14
2025-12-12 18:09:04.868904,4297.63,4298.03
2025-12-12 18:09:05.102128,4297.58,4297.98
2025-12-12 18:09:05.316632,4297.07,4297.64
2025-12-12 18:09:05.752428,4297.29,4297.69
2025-12-12 18:09:06.879618,4297.31,4297.71
2025-12-12 18:09:07.212898,4297.29,4297.69
2025-12-12 18:09:07.302923,4296.94,4297.34
2025-12-12 18:09:07.626508,4296.98,4297.38
2025-12-12 18:09:08.106372,4297.0,4297.4
2025-12-12 18:09:08.870613,4297.04,4297.44
2025-12-12 18:09:09.069930,4297.06,4297.46
2025-12-12 18:09:09.315387,4297.09,4297.49
2025-12-12 18:09:09.880049,4297.1,4297.5
2025-12-12 18:09:10.189268,4297.11,4297.51
2025-12-12 18:09:10.701012,4297.24,4297.64
2025-12-12 18:09:11.272018,4297.2,4297.6
2025-12-12 18:09:11.584075,4297.11,4297.51
2025-12-12 18:09:11.921000,4297.05,4297.45
2025-12-12 18:09:12.197840,4297.06,4297.46
2025-12-12 18:09:12.503463,4297.18,4297.58
2025-12-12 18:09:12.969089,4297.19,4297.59
2025-12-12 18:09:13.136486,4297.21,4297.61
2025-12-12 18:09:13.250864,4297.24,4297.64
2025-12-12 18:09:13.372393,4297.26,4297.66
2025-12-12 18:09:13.991127,4297.23,4297.63
2025-12-12 18:09:14.348148,4297.24,4297.64
2025-12-12 18:09:14.588031,4297.2,4297.6
2025-12-12 18:09:14.781711,4297.24,4297.64
2025-12-12 18:09:15.231479,4297.18,4297.58
2025-12-12 18:09:15.465031,4297.16,4297.56
2025-12-12 18:09:15.707565,4297.15,4297.55
2025-12-12 18:09:16.028316,4297.08,4297.48
2025-12-12 18:09:16.055969,4297.07,4297.47
2025-12-12 18:09:16.454240,4297.09,4297.49
2025-12-12 18:09:16.694985,4297.11,4297.51
2025-12-12 18:09:16.989486,4297.1,4297.5
2025-12-12 18:09:17.866160,4297.09,4297.49
2025-12-12 18:09:18.026085,4297.14,4297.54
2025-12-12 18:09:18.443965,4297.18,4297.58
2025-12-12 18:09:18.689643,4297.15,4297.55
2025-12-12 18:09:18.949236,4297.14,4297.54
2025-12-12 18:09:19.470089,4297.18,4297.58
2025-12-12 18:09:19.793652,4297.11,4297.51
2025-12-12 18:09:20.011070,4297.1,4297.5
2025-12-12 18:09:20.210940,4297.11,4297.51
2025-12-12 18:09:21.373608,4297.13,4297.53
2025-12-12 18:09:22.084928,4296.98,4297.38
2025-12-12 18:09:22.290180,4296.81,4297.21
2025-12-12 18:09:22.474811,4296.8,4297.2
2025-12-12 18:09:22.784056,4296.91,4297.31
2025-12-12 18:09:23.007533,4296.9,4297.3
2025-12-12 18:09:23.192080,4296.76,4297.16
2025-12-12 18:09:23.664168,4296.78,4297.18
2025-12-12 18:09:23.966489,4297.02,4297.42
2025-12-12 18:09:24.939389,4296.96,4297.36
2025-12-12 18:09:25.132635,4296.99,4297.39
2025-12-12 18:09:25.376817,4297.3,4297.7
2025-12-12 18:09:25.516483,4297.35,4297.75
2025-12-12 18:09:25.626432,4297.33,4297.73
2025-12-12 18:09:25.822689,4297.3,4297.7
2025-12-12 18:09:26.106739,4297.25,4297.65
2025-12-12 18:09:26.414234,4297.16,4297.56
2025-12-12 18:09:26.727708,4297.23,4297.63
2025-12-12 18:09:26.940507,4297.25,4297.65
2025-12-12 18:09:27.449099,4297.35,4297.75
2025-12-12 18:09:27.678178,4297.38,4297.78
2025-12-12 18:09:28.188175,4297.43,4297.83
2025-12-12 18:09:28.557849,4297.45,4297.85
2025-12-12 18:09:28.745179,4297.49,4297.89
2025-12-12 18:09:28.990967,4297.54,4297.94
2025-12-12 18:09:29.287130,4297.5,4297.9
2025-12-12 18:09:29.598097,4297.54,4297.94
2025-12-12 18:09:29.828330,4297.64,4298.04
2025-12-12 18:09:30.311555,4297.65,4298.05
2025-12-12 18:09:30.738290,4297.68,4298.08
2025-12-12 18:09:30.913333,4297.72,4298.12
2025-12-12 18:09:31.671026,4297.77,4298.17
2025-12-12 18:09:32.157890,4297.74,4298.14
2025-12-12 18:09:32.406800,4297.48,4297.88
2025-12-12 18:09:32.509196,4297.43,4297.83
2025-12-12 18:09:33.124963,4297.38,4297.78
2025-12-12 18:09:33.627816,4297.45,4297.85
2025-12-12 18:09:34.174644,4297.51,4297.91
2025-12-12 18:09:34.385009,4297.53,4297.93
2025-12-12 18:09:34.942173,4297.51,4297.91
2025-12-12 18:09:35.157439,4297.4,4297.8
2025-12-12 18:09:35.782772,4297.43,4297.83
2025-12-12 18:09:36.178532,4297.72,4298.12
2025-12-12 18:09:36.593235,4297.7,4298.1
2025-12-12 18:09:37.201448,4297.51,4298.11
2025-12-12 18:09:37.570717,4297.6,4298.0
2025-12-12 18:09:38.115049,4297.56,4297.96
2025-12-12 18:09:38.422098,4297.48,4297.88
2025-12-12 18:09:38.467296,4297.49,4297.89
2025-12-12 18:09:38.748283,4297.53,4297.93
2025-12-12 18:09:38.996780,4297.59,4297.99
2025-12-12 18:09:39.275213,4297.6,4298.0
2025-12-12 18:09:40.263301,4297.57,4297.97
2025-12-12 18:09:41.149265,4297.45,4297.85
2025-12-12 18:09:41.475416,4297.39,4297.79
2025-12-12 18:09:42.001128,4297.49,4297.89
2025-12-12 18:09:42.369229,4297.48,4297.88
2025-12-12 18:09:43.188673,4297.54,4297.94
2025-12-12 18:09:43.390842,4297.59,4297.99
2025-12-12 18:09:43.591193,4297.62,4298.02
2025-12-12 18:09:43.856020,4297.47,4297.87
2025-12-12 18:09:44.101985,4297.49,4297.89
2025-12-12 18:09:44.269176,4297.48,4297.88
2025-12-12 18:09:44.567681,4297.35,4297.75
2025-12-12 18:09:44.873614,4297.31,4297.71
2025-12-12 18:09:45.328813,4297.32,4297.72
2025-12-12 18:09:45.700197,4297.52,4297.92
2025-12-12 18:09:45.803118,4297.53,4297.93
2025-12-12 18:09:46.916856,4297.48,4297.88
2025-12-12 18:09:47.255761,4297.46,4297.86
2025-12-12 18:09:47.616335,4297.52,4297.92
2025-12-12 18:09:47.829917,4297.5,4297.9
2025-12-12 18:09:48.216180,4297.51,4297.91
2025-12-12 18:09:49.816826,4297.52,4297.92
2025-12-12 18:09:50.544362,4297.53,4297.93
2025-12-12 18:09:50.843136,4297.54,4297.94
2025-12-12 18:09:51.194009,4297.47,4297.87
2025-12-12 18:09:52.339603,4297.36,4297.76
2025-12-12 18:09:52.742632,4297.33,4297.73
2025-12-12 18:09:54.051629,4297.55,4297.95
2025-12-12 18:09:54.712431,4297.56,4297.96
2025-12-12 18:09:55.339069,4297.58,4297.98
2025-12-12 18:09:55.709818,4297.59,4297.99
2025-12-12 18:09:56.007989,4297.18,4297.58
2025-12-12 18:09:56.424382,4297.15,4297.55
2025-12-12 18:09:57.160035,4297.18,4297.58
2025-12-12 18:09:57.333152,4297.25,4297.65
2025-12-12 18:09:57.631067,4297.26,4297.66
2025-12-12 18:09:58.045355,4297.25,4297.65
2025-12-12 18:09:58.482124,4297.24,4297.64
2025-12-12 18:09:58.776312,4297.29,4297.69
2025-12-12 18:09:59.148737,4297.27,4297.67
2025-12-12 18:09:59.383446,4297.21,4297.61
2025-12-12 18:09:59.718800,4297.27,4297.67
2025-12-12 18:09:59.950397,4297.21,4297.61
2025-12-12 18:10:00.194366,4297.24,4297.64
2025-12-12 18:10:00.492740,4297.25,4297.65
2025-12-12 18:10:01.326574,4297.47,4297.87
2025-12-12 18:10:01.591687,4297.35,4297.75
2025-12-12 18:10:01.789998,4297.37,4297.77
2025-12-12 18:10:02.102988,4297.43,4297.83
2025-12-12 18:10:02.578658,4297.42,4297.82
2025-12-12 18:10:02.784922,4297.23,4297.63
2025-12-12 18:10:03.140039,4297.25,4297.65
2025-12-12 18:10:03.920076,4297.33,4297.73
2025-12-12 18:10:04.197017,4297.34,4297.74
2025-12-12 18:10:04.427281,4297.25,4297.65
2025-12-12 18:10:05.135471,4297.27,4297.67
2025-12-12 18:10:06.125508,4297.24,4297.64
2025-12-12 18:10:06.313349,4297.4,4297.8
2025-12-12 18:10:06.804907,4297.43,4297.83
2025-12-12 18:10:07.253465,4297.24,4297.64
2025-12-12 18:10:07.470178,4297.32,4297.72
2025-12-12 18:10:07.686176,4297.26,4297.66
2025-12-12 18:10:08.075145,4297.21,4297.61
2025-12-12 18:10:08.756690,4297.29,4297.69
2025-12-12 18:10:09.088194,4297.33,4297.73
2025-12-12 18:10:09.415339,4297.25,4297.65
2025-12-12 18:10:09.677698,4297.24,4297.64
2025-12-12 18:10:10.227942,4297.22,4297.62
2025-12-12 18:10:10.629873,4297.2,4297.6
2025-12-12 18:10:10.889930,4297.3,4297.7
2025-12-12 18:10:11.358797,4297.34,4297.74
2025-12-12 18:10:11.655543,4297.35,4297.75
2025-12-12 18:10:12.148232,4297.26,4297.66
2025-12-12 18:10:12.413179,4297.33,4297.73
2025-12-12 18:10:12.634047,4297.3,4297.7
2025-12-12 18:10:12.881585,4297.19,4297.59
2025-12-12 18:10:13.099367,4297.24,4297.64
2025-12-12 18:10:13.425752,4297.26,4297.66
2025-12-12 18:10:13.903689,4297.15,4297.55
2025-12-12 18:10:14.315043,4297.21,4297.61
2025-12-12 18:10:14.544313,4297.19,4297.59
2025-12-12 18:10:14.777834,4297.21,4297.61
2025-12-12 18:10:15.086872,4297.24,4297.64
2025-12-12 18:10:15.299339,4297.27,4297.67
2025-12-12 18:10:16.619976,4297.33,4297.73
2025-12-12 18:10:17.035627,4297.85,4298.25
2025-12-12 18:10:17.383563,4298.18,4298.58
2025-12-12 18:10:17.708433,4298.16,4298.56
2025-12-12 18:10:17.924458,4298.14,4298.54
2025-12-12 18:10:18.634342,4298.2,4298.6
2025-12-12 18:10:18.866500,4298.19,4298.59
2025-12-12 18:10:19.282656,4298.15,4298.55
2025-12-12 18:10:19.397833,4298.14,4298.54
2025-12-12 18:10:19.765662,4298.11,4298.51
2025-12-12 18:10:20.060074,4298.13,4298.53
2025-12-12 18:10:20.219577,4298.12,4298.52
2025-12-12 18:10:20.953101,4298.02,4298.42
2025-12-12 18:10:21.303276,4297.99,4298.39
2025-12-12 18:10:21.646857,4298.0,4298.4
2025-12-12 18:10:22.269435,4298.17,4298.57
2025-12-12 18:10:22.534701,4298.12,4298.52
2025-12-12 18:10:23.469359,4298.14,4298.54
2025-12-12 18:10:23.571759,4298.17,4298.57
2025-12-12 18:10:23.788269,4298.18,4298.58
2025-12-12 18:10:24.211015,4298.13,4298.53
2025-12-12 18:10:24.488267,4298.16,4298.56
2025-12-12 18:10:24.592763,4298.15,4298.55
2025-12-12 18:10:24.781933,4298.13,4298.53
2025-12-12 18:10:25.681538,4298.22,4298.62
2025-12-12 18:10:26.128525,4298.19,4298.59
2025-12-12 18:10:26.330124,4298.15,4298.55
2025-12-12 18:10:26.778956,4298.3,4298.7
2025-12-12 18:10:27.259223,4298.29,4298.69
2025-12-12 18:10:27.542652,4298.25,4298.65
2025-12-12 18:10:27.743326,4298.22,4298.62
2025-12-12 18:10:28.003076,4298.24,4298.64
2025-12-12 18:10:28.156696,4298.31,4298.71
2025-12-12 18:10:28.590370,4298.32,4298.72
2025-12-12 18:10:28.821017,4298.27,4298.67
2025-12-12 18:10:29.087302,4298.33,4298.73
2025-12-12 18:10:29.320828,4298.31,4298.71
2025-12-12 18:10:29.565555,4298.23,4298.63
2025-12-12 18:10:29.824389,4298.1,4298.5
2025-12-12 18:10:30.151101,4298.18,4298.58
2025-12-12 18:10:30.417626,4298.21,4298.61
2025-12-12 18:10:30.621062,4298.26,4298.66
2025-12-12 18:10:30.916343,4298.42,4298.82
2025-12-12 18:10:31.268379,4298.41,4298.81
2025-12-12 18:10:31.766192,4298.36,4298.76
2025-12-12 18:10:31.903754,4298.38,4298.78
2025-12-12 18:10:31.997336,4298.4,4298.8
2025-12-12 18:10:32.275440,4298.37,4298.77
2025-12-12 18:10:32.988643,4298.4,4298.8
2025-12-12 18:10:33.513132,4298.51,4298.91
2025-12-12 18:10:33.827454,4298.84,4299.24
2025-12-12 18:10:34.041448,4299.05,4299.45
2025-12-12 18:10:34.292020,4298.9,4299.3
2025-12-12 18:10:34.538273,4298.92,4299.32
2025-12-12 18:10:35.018332,4298.91,4299.31
2025-12-12 18:10:35.390549,4298.92,4299.32
2025-12-12 18:10:35.498367,4298.69,4299.32
2025-12-12 18:10:35.669396,4298.92,4299.32
2025-12-12 18:10:35.917313,4298.87,4299.27
2025-12-12 18:10:36.148152,4298.86,4299.26
2025-12-12 18:10:36.377806,4298.87,4299.27
2025-12-12 18:10:36.857453,4298.91,4299.31
2025-12-12 18:10:37.398632,4298.93,4299.33
2025-12-12 18:10:37.642588,4298.94,4299.34
2025-12-12 18:10:37.657062,4298.95,4299.35
2025-12-12 18:10:37.919392,4298.94,4299.34
2025-12-12 18:10:38.136975,4298.96,4299.36
2025-12-12 18:10:38.356517,4299.07,4299.47
2025-12-12 18:10:38.693132,4299.09,4299.49
2025-12-12 18:10:39.001130,4299.11,4299.51
2025-12-12 18:10:39.264205,4299.28,4299.68
2025-12-12 18:10:39.579336,4299.27,4299.67
2025-12-12 18:10:39.840066,4299.29,4299.69
2025-12-12 18:10:40.678697,4299.33,4299.73
2025-12-12 18:10:41.190646,4299.33,4299.89
2025-12-12 18:10:41.408578,4299.32,4299.72
2025-12-12 18:10:41.747533,4299.36,4299.76
2025-12-12 18:10:42.099766,4299.3,4299.7
2025-12-12 18:10:42.722665,4299.04,4299.7
2025-12-12 18:10:43.032547,4299.33,4299.73
2025-12-12 18:10:43.578951,4299.29,4299.69
2025-12-12 18:10:43.813133,4299.32,4299.72
2025-12-12 18:10:44.078177,4299.36,4299.76
2025-12-12 18:10:44.307630,4299.34,4299.74
2025-12-12 18:10:44.543140,4299.38,4299.78
2025-12-12 18:10:44.866150,4299.4,4299.8
2025-12-12 18:10:45.546090,4299.41,4299.81
2025-12-12 18:10:45.777682,4299.48,4299.88
2025-12-12 18:10:46.628339,4299.5,4299.9
2025-12-12 18:10:47.019550,4299.47,4299.87
2025-12-12 18:10:47.271906,4299.0,4299.4
2025-12-12 18:10:47.831920,4298.84,4299.24
2025-12-12 18:10:48.047975,4298.79,4299.19
2025-12-12 18:10:48.294536,4298.78,4299.18
2025-12-12 18:10:48.801663,4298.92,4299.32
2025-12-12 18:10:49.065277,4298.82,4299.22
2025-12-12 18:10:49.346264,4298.94,4299.34
2025-12-12 18:10:49.438059,4298.96,4299.36
2025-12-12 18:10:49.713276,4299.05,4299.45
2025-12-12 18:10:50.009634,4299.01,4299.41
2025-12-12 18:10:50.099246,4299.02,4299.42
2025-12-12 18:10:50.318211,4299.04,4299.44
2025-12-12 18:10:50.596906,4298.98,4299.38
2025-12-12 18:10:50.800733,4298.9,4299.3
2025-12-12 18:10:51.299124,4298.7,4299.1
2025-12-12 18:10:51.562272,4298.92,4299.32
2025-12-12 18:10:51.789496,4298.96,4299.36
2025-12-12 18:10:52.368100,4298.94,4299.34
2025-12-12 18:10:52.791076,4298.98,4299.38
2025-12-12 18:10:53.316911,4298.84,4299.24
2025-12-12 18:10:53.520167,4298.83,4299.23
2025-12-12 18:10:54.474360,4298.62,4299.02
2025-12-12 18:10:54.616487,4298.57,4298.97
2025-12-12 18:10:55.064108,4298.51,4298.91
2025-12-12 18:10:55.407459,4298.58,4298.98
2025-12-12 18:10:55.916879,4298.46,4298.86
2025-12-12 18:10:56.444409,4298.47,4298.87
2025-12-12 18:10:56.943148,4298.45,4298.85
2025-12-12 18:10:57.455073,4298.48,4298.88
2025-12-12 18:10:57.783058,4298.54,4298.94
2025-12-12 18:10:58.295654,4298.49,4298.89
2025-12-12 18:10:58.353669,4298.5,4298.9
2025-12-12 18:10:58.584405,4298.53,4298.93
2025-12-12 18:10:59.071281,4298.66,4299.06
2025-12-12 18:10:59.398217,4298.64,4299.04
2025-12-12 18:10:59.594270,4298.61,4299.01
2025-12-12 18:10:59.780149,4298.54,4298.94
2025-12-12 18:11:00.369340,4298.73,4299.13
2025-12-12 18:11:00.849167,4298.87,4299.27
2025-12-12 18:11:01.338825,4298.88,4299.28
2025-12-12 18:11:01.555476,4298.96,4299.36
2025-12-12 18:11:01.791326,4298.95,4299.35
2025-12-12 18:11:02.161300,4299.01,4299.41
2025-12-12 18:11:02.442656,4299.14,4299.54
2025-12-12 18:11:02.940171,4298.86,4299.26
2025-12-12 18:11:03.154458,4298.73,4299.13
2025-12-12 18:11:03.378033,4298.81,4299.21
2025-12-12 18:11:03.992997,4298.8,4299.2
2025-12-12 18:11:04.241175,4298.86,4299.26
2025-12-12 18:11:04.565268,4298.89,4299.29
2025-12-12 18:11:04.987830,4298.91,4299.52
2025-12-12 18:11:05.286760,4299.0,4299.4
2025-12-12 18:11:05.559375,4299.01,4299.41
2025-12-12 18:11:06.224054,4298.94,4299.34
2025-12-12 18:11:06.691826,4298.98,4299.38
2025-12-12 18:11:07.033503,4299.0,4299.4
2025-12-12 18:11:07.870227,4298.99,4299.39
2025-12-12 18:11:08.103932,4298.63,4299.03
2025-12-12 18:11:08.369587,4298.58,4298.98
2025-12-12 18:11:08.572199,4298.6,4299.0
2025-12-12 18:11:09.064687,4298.67,4299.07
2025-12-12 18:11:09.388330,4298.84,4299.24
2025-12-12 18:11:09.733537,4298.78,4299.18
2025-12-12 18:11:09.992846,4298.81,4299.21
2025-12-12 18:11:10.350790,4298.8,4299.2
2025-12-12 18:11:10.753083,4298.87,4299.27
2025-12-12 18:11:11.019487,4298.89,4299.29
2025-12-12 18:11:11.469834,4298.8,4299.2
2025-12-12 18:11:11.910916,4298.84,4299.24
2025-12-12 18:11:12.159892,4298.86,4299.26
2025-12-12 18:11:12.437549,4298.84,4299.24
2025-12-12 18:11:12.613834,4298.76,4299.16
2025-12-12 18:11:13.384246,4298.68,4299.08
2025-12-12 18:11:13.643289,4298.7,4299.1
2025-12-12 18:11:13.969598,4298.69,4299.09
2025-12-12 18:11:14.188305,4298.72,4299.12
2025-12-12 18:11:14.668843,4298.81,4299.21
2025-12-12 18:11:14.930264,4298.89,4299.29
2025-12-12 18:11:15.161655,4298.9,4299.3
2025-12-12 18:11:15.411213,4299.01,4299.41
2025-12-12 18:11:15.628465,4299.15,4299.55
2025-12-12 18:11:15.907065,4299.1,4299.5
2025-12-12 18:11:16.090088,4299.01,4299.41
2025-12-12 18:11:16.774382,4299.0,4299.4
2025-12-12 18:11:17.323756,4298.79,4299.19
2025-12-12 18:11:17.815312,4298.83,4299.23
2025-12-12 18:11:18.110336,4298.93,4299.33
2025-12-12 18:11:18.436154,4299.01,4299.41
2025-12-12 18:11:18.889457,4299.03,4299.43
2025-12-12 18:11:19.444012,4299.0,4299.4
2025-12-12 18:11:19.624580,4298.98,4299.38
2025-12-12 18:11:19.870889,4299.07,4299.47
2025-12-12 18:11:20.106207,4299.03,4299.43
2025-12-12 18:11:20.228420,4299.02,4299.42
2025-12-12 18:11:20.851536,4299.07,4299.47
2025-12-12 18:11:21.039857,4299.1,4299.5
2025-12-12 18:11:21.410484,4299.15,4299.55
2025-12-12 18:11:21.659375,4299.18,4299.58
2025-12-12 18:11:23.108049,4299.29,4299.69
2025-12-12 18:11:23.403016,4299.33,4299.73
2025-12-12 18:11:23.713053,4299.34,4299.74
2025-12-12 18:11:23.972104,4299.52,4299.92
2025-12-12 18:11:24.127919,4299.51,4299.91
2025-12-12 18:11:24.482847,4299.42,4299.82
2025-12-12 18:11:24.752029,4299.44,4299.84
2025-12-12 18:11:25.512008,4299.49,4299.89
2025-12-12 18:11:25.528611,4299.53,4299.93
2025-12-12 18:11:25.725711,4299.63,4300.28
2025-12-12 18:11:26.101492,4299.64,4300.04
2025-12-12 18:11:26.659239,4299.61,4300.01
2025-12-12 18:11:26.951763,4299.58,4299.98
2025-12-12 18:11:27.185513,4299.64,4300.04
2025-12-12 18:11:27.484086,4299.68,4300.08
2025-12-12 18:11:28.854248,4299.7,4300.1
2025-12-12 18:11:29.070936,4299.68,4300.08
2025-12-12 18:11:29.269539,4299.61,4300.01
2025-12-12 18:11:29.451584,4299.56,4299.96
2025-12-12 18:11:29.804208,4299.59,4299.99
2025-12-12 18:11:30.158124,4299.65,4300.05
2025-12-12 18:11:30.320710,4299.59,4299.99
2025-12-12 18:11:30.364156,4299.55,4299.95
2025-12-12 18:11:30.586905,4299.5,4299.9
2025-12-12 18:11:30.706334,4299.55,4299.95
2025-12-12 18:11:31.549294,4299.5,4299.9
2025-12-12 18:11:32.477604,4299.45,4299.85
2025-12-12 18:11:33.188412,4299.44,4299.84
2025-12-12 18:11:33.652077,4299.48,4299.88
2025-12-12 18:11:33.901683,4299.39,4299.79
2025-12-12 18:11:34.417416,4299.37,4299.77
2025-12-12 18:11:34.743166,4299.39,4299.79
2025-12-12 18:11:34.956308,4299.49,4299.89
2025-12-12 18:11:35.267877,4299.38,4299.78
2025-12-12 18:11:35.512685,4299.33,4299.73
2025-12-12 18:11:35.811579,4299.37,4299.77
2025-12-12 18:11:36.369383,4299.52,4299.92
2025-12-12 18:11:36.657640,4299.5,4299.9
2025-12-12 18:11:36.906639,4299.4,4299.8
2025-12-12 18:11:37.330228,4299.33,4299.73
2025-12-12 18:11:37.852590,4299.46,4299.86
2025-12-12 18:11:38.301460,4299.47,4299.87
2025-12-12 18:11:38.908102,4299.48,4299.88
2025-12-12 18:11:39.107709,4299.55,4299.95
2025-12-12 18:11:39.335875,4299.62,4300.02
2025-12-12 18:11:39.601616,4299.59,4299.99
2025-12-12 18:11:39.909828,4299.66,4300.06
2025-12-12 18:11:40.172850,4299.67,4300.07
2025-12-12 18:11:40.928746,4299.59,4299.99
2025-12-12 18:11:41.645094,4299.75,4300.15
2025-12-12 18:11:43.941959,4299.78,4300.18
2025-12-12 18:11:44.194033,4299.56,4299.96
2025-12-12 18:11:44.676285,4299.55,4299.95
2025-12-12 18:11:45.190882,4299.62,4300.02
2025-12-12 18:11:45.404261,4299.52,4299.92
2025-12-12 18:11:46.488396,4299.53,4299.93
2025-12-12 18:11:46.692547,4299.56,4299.96
2025-12-12 18:11:46.797330,4299.6,4300.0
2025-12-12 18:11:46.950855,4299.62,4300.02
2025-12-12 18:11:48.287214,4299.59,4299.99
2025-12-12 18:11:48.551579,4299.61,4300.01
2025-12-12 18:11:49.034365,4299.63,4300.03
2025-12-12 18:11:50.192553,4299.61,4300.01
2025-12-12 18:11:50.434584,4299.6,4300.0
2025-12-12 18:11:50.638567,4299.59,4299.99
2025-12-12 18:11:51.061751,4299.62,4300.02
2025-12-12 18:11:51.279886,4299.63,4300.03
2025-12-12 18:11:51.736782,4299.62,4300.02
2025-12-12 18:11:51.966386,4299.63,4300.03
2025-12-12 18:11:52.348868,4299.61,4300.01
2025-12-12 18:11:52.642961,4299.58,4299.98
2025-12-12 18:11:53.277661,4299.55,4299.95
2025-12-12 18:11:53.504621,4299.36,4299.76
2025-12-12 18:11:53.801566,4299.43,4299.83
2025-12-12 18:11:54.511023,4299.45,4299.85
2025-12-12 18:11:54.739850,4299.48,4299.88
2025-12-12 18:11:54.991975,4299.47,4299.87
2025-12-12 18:11:55.176534,4299.4,4299.8
2025-12-12 18:11:55.699387,4299.37,4299.77
2025-12-12 18:11:56.057847,4299.35,4299.75
2025-12-12 18:11:56.839627,4299.46,4299.86
2025-12-12 18:11:57.092040,4299.38,4299.78
2025-12-12 18:11:57.307528,4299.4,4299.8
2025-12-12 18:11:57.509183,4299.46,4299.86
2025-12-12 18:11:57.716158,4299.45,4299.85
2025-12-12 18:11:58.177719,4299.43,4299.83
2025-12-12 18:11:58.688205,4299.42,4299.82
2025-12-12 18:11:58.839501,4299.37,4299.77
2025-12-12 18:11:58.980327,4299.42,4299.82
2025-12-12 18:11:59.292799,4299.36,4299.76
2025-12-12 18:11:59.845031,4299.29,4299.69
2025-12-12 18:12:00.067886,4299.25,4299.65
2025-12-12 18:12:00.250819,4299.59,4299.99
2025-12-12 18:12:00.514318,4299.71,4300.11
2025-12-12 18:12:00.669440,4299.85,4300.25
2025-12-12 18:12:00.946347,4299.87,4300.27
2025-12-12 18:12:01.256767,4300.29,4300.74
2025-12-12 18:12:01.348356,4300.5,4300.9
2025-12-12 18:12:01.471716,4300.29,4300.84
2025-12-12 18:12:01.515433,4300.32,4300.72
2025-12-12 18:12:01.733136,4300.36,4300.76
2025-12-12 18:12:01.923622,4300.27,4300.67
2025-12-12 18:12:02.350330,4300.11,4300.51
2025-12-12 18:12:02.616315,4300.16,4300.56
2025-12-12 18:12:02.834523,4300.13,4300.53
2025-12-12 18:12:03.068498,4300.16,4300.56
2025-12-12 18:12:03.501059,4300.08,4300.48
2025-12-12 18:12:03.762529,4299.9,4300.3
2025-12-12 18:12:03.980681,4299.69,4300.28
2025-12-12 18:12:04.168535,4299.68,4300.08
2025-12-12 18:12:04.415762,4299.39,4299.79
2025-12-12 18:12:04.491206,4299.36,4299.76
2025-12-12 18:12:04.631224,4299.21,4299.61
2025-12-12 18:12:04.750956,4299.13,4299.53
2025-12-12 18:12:05.059417,4299.19,4299.59
2025-12-12 18:12:05.306237,4299.24,4299.64
2025-12-12 18:12:05.403512,4299.13,4299.53
2025-12-12 18:12:05.511221,4299.16,4299.56
2025-12-12 18:12:05.666172,4299.2,4299.6
2025-12-12 18:12:05.742857,4299.26,4299.66
2025-12-12 18:12:05.944127,4299.1,4299.5
2025-12-12 18:12:06.160718,4299.08,4299.48
2025-12-12 18:12:06.382501,4299.01,4299.41
2025-12-12 18:12:06.680074,4298.99,4299.39
2025-12-12 18:12:06.907650,4298.95,4299.35
2025-12-12 18:12:07.187889,4298.68,4299.08
2025-12-12 18:12:07.392622,4298.72,4299.12
2025-12-12 18:12:07.673320,4298.78,4299.18
2025-12-12 18:12:07.829433,4298.73,4299.13
2025-12-12 18:12:07.998223,4298.74,4299.14
2025-12-12 18:12:08.075864,4298.8,4299.2
2025-12-12 18:12:08.232026,4298.72,4299.12
2025-12-12 18:12:08.277298,4298.88,4299.28
2025-12-12 18:12:08.480088,4298.91,4299.31
2025-12-12 18:12:08.701816,4299.07,4299.47
2025-12-12 18:12:08.939465,4298.91,4299.31
2025-12-12 18:12:09.140545,4299.7,4300.1
2025-12-12 18:12:09.375811,4299.72,4300.12
2025-12-12 18:12:09.572119,4299.53,4299.93
2025-12-12 18:12:09.794151,4299.52,4299.92
2025-12-12 18:12:09.805576,4299.42,4299.82
2025-12-12 18:12:09.977420,4299.4,4299.8
2025-12-12 18:12:10.022446,4299.45,4299.85
2025-12-12 18:12:10.255634,4299.61,4300.01
2025-12-12 18:12:10.725945,4299.64,4300.04
2025-12-12 18:12:10.976651,4299.63,4300.03
2025-12-12 18:12:11.074112,4299.98,4300.34
2025-12-12 18:12:11.195184,4300.1,4300.5
2025-12-12 18:12:11.352266,4300.16,4300.56
2025-12-12 18:12:11.599358,4300.15,4300.55
2025-12-12 18:12:11.861019,4300.12,4300.52
2025-12-12 18:12:11.899279,4300.11,4300.51
2025-12-12 18:12:12.261221,4300.19,4300.59
2025-12-12 18:12:12.538894,4300.28,4300.68
2025-12-12 18:12:12.774619,4300.24,4300.64
2025-12-12 18:12:13.008973,4300.27,4300.67
2025-12-12 18:12:13.083790,4300.4,4300.8
2025-12-12 18:12:13.238514,4300.37,4300.77
2025-12-12 18:12:13.298922,4299.93,4300.33
2025-12-12 18:12:13.454357,4299.96,4300.36
2025-12-12 18:12:13.671737,4300.0,4300.4
2025-12-12 18:12:13.872115,4299.77,4300.17
2025-12-12 18:12:14.103696,4299.55,4299.95
2025-12-12 18:12:14.348339,4299.61,4300.01
2025-12-12 18:12:14.552730,4299.85,4300.25
2025-12-12 18:12:14.766837,4299.88,4300.28
2025-12-12 18:12:14.860143,4299.92,4300.32
2025-12-12 18:12:14.967819,4300.0,4300.4
2025-12-12 18:12:15.201188,4300.02,4300.42
2025-12-12 18:12:15.313612,4300.21,4300.61
2025-12-12 18:12:15.417213,4300.28,4300.68
2025-12-12 18:12:15.592746,4300.29,4300.69
2025-12-12 18:12:15.836715,4300.34,4300.74
2025-12-12 18:12:16.080723,4300.31,4300.71
2025-12-12 18:12:16.299719,4300.29,4300.69
2025-12-12 18:12:16.507308,4301.16,4301.46
2025-12-12 18:12:16.691039,4301.43,4301.83
2025-12-12 18:12:16.812347,4301.61,4302.14
2025-12-12 18:12:16.905233,4301.58,4301.98
2025-12-12 18:12:17.119476,4301.71,4302.11
2025-12-12 18:12:17.340024,4301.8,4302.2
2025-12-12 18:12:17.565088,4302.24,4302.83
2025-12-12 18:12:17.801697,4302.52,4302.92
2025-12-12 18:12:18.237637,4302.51,4302.91
2025-12-12 18:12:18.442657,4302.58,4302.98
2025-12-12 18:12:18.891077,4302.62,4303.02
2025-12-12 18:12:19.063241,4302.42,4303.02
2025-12-12 18:12:19.120651,4302.71,4303.11
2025-12-12 18:12:19.342664,4303.0,4303.4
2025-12-12 18:12:19.510482,4302.8,4303.4
2025-12-12 18:12:19.588577,4301.65,4302.05
2025-12-12 18:12:19.851870,4301.62,4302.02
2025-12-12 18:12:19.987098,4301.61,4302.01
2025-12-12 18:12:20.537841,4301.66,4302.06
2025-12-12 18:12:20.764109,4301.53,4301.93
2025-12-12 18:12:20.994487,4301.55,4301.95
2025-12-12 18:12:21.198079,4301.26,4301.66
2025-12-12 18:12:21.401571,4301.09,4301.49
2025-12-12 18:12:21.681383,4301.02,4301.42
2025-12-12 18:12:21.899816,4301.0,4301.4
2025-12-12 18:12:22.145015,4300.99,4301.39
2025-12-12 18:12:22.343253,4300.87,4301.27
2025-12-12 18:12:22.579244,4300.84,4301.5
2025-12-12 18:12:22.811495,4300.82,4301.22
2025-12-12 18:12:22.891944,4300.85,4301.25
2025-12-12 18:12:22.996269,4300.81,4301.21
2025-12-12 18:12:23.246701,4300.84,4301.24
2025-12-12 18:12:23.459669,4300.97,4301.37
2025-12-12 18:12:23.567290,4301.05,4301.45
2025-12-12 18:12:23.690694,4301.26,4301.66
2025-12-12 18:12:23.940048,4301.03,4301.43
2025-12-12 18:12:24.063308,4300.97,4301.37
2025-12-12 18:12:24.158234,4300.95,4301.35
2025-12-12 18:12:24.294019,4300.98,4301.38
2025-12-12 18:12:24.388314,4300.97,4301.37
2025-12-12 18:12:24.591911,4301.05,4301.45
2025-12-12 18:12:24.718298,4301.18,4301.58
2025-12-12 18:12:24.821072,4301.19,4301.59
2025-12-12 18:12:24.943253,4301.17,4301.57
2025-12-12 18:12:25.067382,4301.12,4301.52
2025-12-12 18:12:25.163299,4301.19,4301.59
2025-12-12 18:12:25.389914,4301.14,4301.54
2025-12-12 18:12:25.512114,4301.12,4301.52
2025-12-12 18:12:25.626046,4300.97,4301.37
2025-12-12 18:12:25.825689,4300.83,4301.23
2025-12-12 18:12:25.962321,4300.91,4301.31
2025-12-12 18:12:26.087931,4301.1,4301.5
2025-12-12 18:12:26.317787,4301.14,4301.54
2025-12-12 18:12:26.474231,4301.07,4301.47
2025-12-12 18:12:26.567392,4301.14,4301.54
2025-12-12 18:12:26.726345,4301.13,4301.53
2025-12-12 18:12:26.907086,4301.22,4301.62
2025-12-12 18:12:27.059950,4301.23,4301.63
2025-12-12 18:12:27.157667,4301.08,4301.48
2025-12-12 18:12:27.325115,4301.05,4301.45
2025-12-12 18:12:28.025519,4301.08,4301.48
2025-12-12 18:12:28.149222,4301.15,4301.55
2025-12-12 18:12:28.257591,4301.25,4301.65
2025-12-12 18:12:28.381170,4301.39,4301.79
2025-12-12 18:12:28.505487,4301.09,4301.49
2025-12-12 18:12:28.682542,4301.03,4301.43
2025-12-12 18:12:28.893254,4300.96,4301.36
2025-12-12 18:12:29.200855,4301.06,4301.46
2025-12-12 18:12:29.420578,4301.1,4301.5
2025-12-12 18:12:29.669278,4300.96,4301.36
2025-12-12 18:12:29.935591,4301.01,4301.41
2025-12-12 18:12:30.190685,4301.13,4301.53
2025-12-12 18:12:30.361001,4301.16,4301.56
2025-12-12 18:12:30.623205,4301.31,4301.71
2025-12-12 18:12:30.831064,4301.3,4301.7
2025-12-12 18:12:31.268616,4301.11,4301.51
2025-12-12 18:12:31.546332,4300.92,4301.32
2025-12-12 18:12:31.732776,4300.96,4301.36
2025-12-12 18:12:32.085867,4300.98,4301.38
2025-12-12 18:12:32.163183,4301.09,4301.49
2025-12-12 18:12:32.301903,4301.1,4301.5
2025-12-12 18:12:32.593823,4301.23,4301.63
2025-12-12 18:12:32.781072,4301.43,4301.83
2025-12-12 18:12:33.043841,4301.35,4301.75
2025-12-12 18:12:33.337832,4301.36,4302.03
2025-12-12 18:12:33.569874,4301.35,4301.75
2025-12-12 18:12:33.806354,4300.8,4301.2
2025-12-12 18:12:34.064426,4300.44,4300.84
2025-12-12 18:12:34.280849,4300.45,4300.85
2025-12-12 18:12:34.518974,4300.6,4301.0
2025-12-12 18:12:34.743851,4300.56,4300.96
2025-12-12 18:12:34.959991,4300.32,4300.72
2025-12-12 18:12:35.189559,4300.17,4300.57
2025-12-12 18:12:35.396412,4300.33,4300.73
2025-12-12 18:12:35.655467,4300.35,4300.75
2025-12-12 18:12:35.890605,4300.36,4301.0
2025-12-12 18:12:36.137816,4300.38,4300.78
2025-12-12 18:12:36.372022,4300.48,4300.88
2025-12-12 18:12:36.585460,4300.6,4301.0
2025-12-12 18:12:36.837161,4300.69,4301.09
2025-12-12 18:12:37.101438,4300.56,4301.17
2025-12-12 18:12:37.212365,4300.55,4300.95
2025-12-12 18:12:37.646742,4300.52,4300.92
2025-12-12 18:12:37.834783,4300.65,4301.05
2025-12-12 18:12:37.988476,4300.7,4301.1
2025-12-12 18:12:38.271758,4300.67,4301.07
2025-12-12 18:12:38.451643,4300.64,4301.04
2025-12-12 18:12:38.604000,4300.65,4301.05
2025-12-12 18:12:38.682626,4300.62,4301.02
2025-12-12 18:12:38.897869,4300.74,4301.14
2025-12-12 18:12:38.996248,4300.8,4301.2
2025-12-12 18:12:39.130283,4300.88,4301.28
2025-12-12 18:12:39.595245,4301.51,4301.91
2025-12-12 18:12:39.690848,4301.59,4301.99
2025-12-12 18:12:40.088748,4301.7,4302.1
2025-12-12 18:12:40.370074,4301.71,4302.11
2025-12-12 18:12:40.556014,4301.65,4302.05
2025-12-12 18:12:40.602387,4301.51,4301.91
2025-12-12 18:12:40.834033,4301.52,4301.92
2025-12-12 18:12:41.072323,4301.5,4301.9
2025-12-12 18:12:41.253714,4301.07,4301.47
2025-12-12 18:12:41.489870,4301.03,4301.43
2025-12-12 18:12:41.550621,4301.16,4301.56
2025-12-12 18:12:41.719532,4301.21,4301.61
2025-12-12 18:12:41.950880,4301.23,4301.63
2025-12-12 18:12:42.200260,4301.22,4301.62
2025-12-12 18:12:42.415955,4301.25,4301.65
2025-12-12 18:12:42.511782,4301.32,4301.72
2025-12-12 18:12:42.987828,4301.2,4301.6
2025-12-12 18:12:43.206198,4301.15,4301.55
2025-12-12 18:12:43.437590,4301.04,4301.44
2025-12-12 18:12:43.639677,4301.03,4301.43
2025-12-12 18:12:43.867219,4301.29,4301.69
2025-12-12 18:12:44.115682,4301.32,4301.72
2025-12-12 18:12:44.363584,4301.28,4301.68
2025-12-12 18:12:44.597718,4301.22,4301.62
2025-12-12 18:12:44.861528,4301.73,4302.13
2025-12-12 18:12:45.045135,4301.76,4302.16
2025-12-12 18:12:45.310272,4301.8,4302.2
2025-12-12 18:12:45.588303,4301.84,4302.24
2025-12-12 18:12:45.877591,4301.83,4302.23
2025-12-12 18:12:46.123248,4301.77,4302.17
2025-12-12 18:12:46.370674,4301.78,4302.18
2025-12-12 18:12:46.478708,4301.75,4302.15
2025-12-12 18:12:47.020637,4301.76,4302.16
2025-12-12 18:12:47.099337,4301.78,4302.18
2025-12-12 18:12:47.287070,4301.76,4302.16
2025-12-12 18:12:47.550682,4301.77,4302.17
2025-12-12 18:12:47.777344,4301.76,4302.16
2025-12-12 18:12:48.042680,4301.68,4302.08
2025-12-12 18:12:48.291994,4301.06,4301.46
2025-12-12 18:12:48.512899,4301.05,4301.45
2025-12-12 18:12:48.794014,4300.92,4301.32
2025-12-12 18:12:48.993940,4300.9,4301.3
2025-12-12 18:12:49.241835,4300.8,4301.2
2025-12-12 18:12:49.524433,4300.92,4301.32
2025-12-12 18:12:49.755492,4301.01,4301.41
2025-12-12 18:12:49.986084,4300.97,4301.37
2025-12-12 18:12:50.205085,4300.97,4301.56
2025-12-12 18:12:50.532525,4300.92,4301.32
2025-12-12 18:12:50.703535,4300.78,4301.18
2025-12-12 18:12:50.920609,4300.79,4301.19
2025-12-12 18:12:51.107050,4300.81,4301.21
2025-12-12 18:12:51.386621,4300.8,4301.2
2025-12-12 18:12:51.618911,4300.84,4301.24
2025-12-12 18:12:51.665234,4300.78,4301.18
2025-12-12 18:12:51.848494,4300.75,4301.15
2025-12-12 18:12:52.543352,4300.67,4301.07
2025-12-12 18:12:52.850921,4300.68,4301.08
2025-12-12 18:12:53.005365,4300.71,4301.11
2025-12-12 18:12:53.111926,4300.74,4301.14
2025-12-12 18:12:53.268910,4300.93,4301.33
2025-12-12 18:12:53.621049,4300.92,4301.32
2025-12-12 18:12:53.682393,4300.88,4301.28
2025-12-12 18:12:54.231116,4300.82,4301.22
2025-12-12 18:12:54.274560,4300.88,4301.28
2025-12-12 18:12:54.539974,4300.9,4301.3
2025-12-12 18:12:54.783905,4300.94,4301.34
2025-12-12 18:12:54.921983,4300.93,4301.33
2025-12-12 18:12:55.189894,4300.75,4301.15
2025-12-12 18:12:55.278512,4300.76,4301.16
2025-12-12 18:12:55.529191,4300.83,4301.23
2025-12-12 18:12:55.763317,4300.82,4301.22
2025-12-12 18:12:56.010381,4300.81,4301.21
2025-12-12 18:12:56.261067,4300.74,4301.14
2025-12-12 18:12:56.368707,4300.62,4301.02
2025-12-12 18:12:56.613575,4300.6,4301.0
2025-12-12 18:12:56.707919,4300.53,4300.93
2025-12-12 18:12:56.953831,4300.68,4301.08
2025-12-12 18:12:57.223470,4300.73,4301.13
2025-12-12 18:12:57.717581,4300.64,4301.04
2025-12-12 18:12:57.782480,4300.62,4301.02
2025-12-12 18:12:58.030775,4300.65,4301.05
2025-12-12 18:12:58.319908,4300.69,4301.09
2025-12-12 18:12:58.525550,4300.82,4301.22
2025-12-12 18:12:58.817179,4300.85,4301.25
2025-12-12 18:12:59.084755,4300.73,4301.13
2025-12-12 18:12:59.312208,4300.86,4301.26
2025-12-12 18:12:59.577453,4300.91,4301.31
2025-12-12 18:12:59.839022,4301.2,4301.6
2025-12-12 18:13:00.163432,4301.24,4301.64
2025-12-12 18:13:00.408295,4301.23,4301.63
2025-12-12 18:13:00.565672,4301.07,4301.47
2025-12-12 18:13:00.672099,4301.13,4301.53
2025-12-12 18:13:00.934533,4301.07,4301.47
2025-12-12 18:13:01.167328,4301.21,4301.61
2025-12-12 18:13:01.382794,4301.31,4301.71
2025-12-12 18:13:01.582040,4301.63,4302.03
2025-12-12 18:13:01.735800,4301.66,4302.06
2025-12-12 18:13:01.828696,4301.72,4302.12
2025-12-12 18:13:02.060787,4301.69,4302.09
2025-12-12 18:13:02.276366,4301.64,4302.04
2025-12-12 18:13:02.556180,4301.72,4302.12
2025-12-12 18:13:03.065679,4301.71,4302.11
2025-12-12 18:13:03.253819,4301.92,4302.32
2025-12-12 18:13:03.438666,4301.84,4302.24
2025-12-12 18:13:03.719751,4301.81,4302.21
2025-12-12 18:13:03.979905,4301.8,4302.2
2025-12-12 18:13:04.194249,4301.69,4302.09
2025-12-12 18:13:04.428508,4301.74,4302.14
2025-12-12 18:13:04.627065,4301.73,4302.13
2025-12-12 18:13:04.825208,4301.72,4302.12
2025-12-12 18:13:05.027798,4301.75,4302.15
2025-12-12 18:13:05.093618,4301.77,4302.17
2025-12-12 18:13:05.354803,4301.65,4302.05
2025-12-12 18:13:05.601635,4301.55,4301.95
2025-12-12 18:13:05.973394,4301.58,4301.98
2025-12-12 18:13:06.359137,4301.63,4302.03
2025-12-12 18:13:06.546374,4301.61,4302.01
2025-12-12 18:13:06.856356,4301.56,4301.96
2025-12-12 18:13:07.092311,4301.5,4301.9
2025-12-12 18:13:07.274667,4301.31,4301.71
2025-12-12 18:13:07.550958,4301.37,4301.77
2025-12-12 18:13:07.828607,4301.44,4301.84
2025-12-12 18:13:07.949121,4301.62,4302.02
2025-12-12 18:13:08.340653,4301.56,4301.96
2025-12-12 18:13:08.510416,4301.47,4301.87
2025-12-12 18:13:08.837824,4300.91,4301.31
2025-12-12 18:13:09.349210,4300.94,4301.34
2025-12-12 18:13:09.565192,4301.12,4301.52
2025-12-12 18:13:09.750093,4301.1,4301.5
2025-12-12 18:13:10.025606,4301.07,4301.47
2025-12-12 18:13:10.259256,4301.02,4301.42
2025-12-12 18:13:10.508710,4301.03,4301.43
2025-12-12 18:13:10.765901,4301.02,4301.42
2025-12-12 18:13:11.001784,4300.74,4301.14
2025-12-12 18:13:11.249585,4300.73,4301.13
2025-12-12 18:13:11.716297,4300.45,4301.06
2025-12-12 18:13:12.477208,4300.9,4301.3
2025-12-12 18:13:12.972048,4300.84,4301.24
2025-12-12 18:13:13.231450,4300.87,4301.27
2025-12-12 18:13:13.500593,4300.8,4301.2
2025-12-12 18:13:13.641976,4300.88,4301.28
2025-12-12 18:13:13.914682,4300.89,4301.29
2025-12-12 18:13:14.161529,4300.86,4301.26
2025-12-12 18:13:14.255945,4300.78,4301.18
2025-12-12 18:13:14.484273,4300.86,4301.26
2025-12-12 18:13:14.608064,4300.91,4301.31
2025-12-12 18:13:14.788311,4300.86,4301.26
2025-12-12 18:13:15.007636,4300.13,4300.53
2025-12-12 18:13:15.208863,4300.21,4300.61
2025-12-12 18:13:15.492968,4300.35,4300.75
2025-12-12 18:13:15.655085,4300.31,4300.71
2025-12-12 18:13:16.205133,4300.25,4300.65
2025-12-12 18:13:16.436239,4300.22,4300.62
2025-12-12 18:13:16.690850,4300.25,4300.65
2025-12-12 18:13:16.908902,4300.22,4300.62
2025-12-12 18:13:17.321018,4300.21,4300.61
2025-12-12 18:13:17.814888,4300.07,4300.47
2025-12-12 18:13:18.073651,4300.06,4300.46
2025-12-12 18:13:18.304158,4300.14,4300.54
2025-12-12 18:13:18.524432,4300.19,4300.59
2025-12-12 18:13:18.770721,4299.95,4300.35
2025-12-12 18:13:18.863809,4299.98,4300.38
2025-12-12 18:13:19.006539,4299.89,4300.29
2025-12-12 18:13:19.175338,4299.83,4300.23
2025-12-12 18:13:19.277202,4299.88,4300.28
2025-12-12 18:13:19.418698,4299.87,4300.27
2025-12-12 18:13:19.653233,4299.86,4300.26
2025-12-12 18:13:19.793923,4299.83,4300.23
2025-12-12 18:13:19.886173,4299.93,4300.33
2025-12-12 18:13:19.987363,4299.95,4300.35
2025-12-12 18:13:20.311905,4299.91,4300.31
2025-12-12 18:13:20.528195,4299.86,4300.26
2025-12-12 18:13:20.701192,4299.85,4300.25
2025-12-12 18:13:21.167284,4299.89,4300.29
2025-12-12 18:13:21.337946,4299.71,4300.11
2025-12-12 18:13:21.599150,4299.65,4300.05
2025-12-12 18:13:21.796491,4299.64,4300.04
2025-12-12 18:13:22.153418,4299.43,4300.06
2025-12-12 18:13:22.248087,4299.67,4300.07
2025-12-12 18:13:22.369807,4299.64,4300.04
2025-12-12 18:13:22.692500,4299.7,4300.1
2025-12-12 18:13:22.743018,4299.75,4300.15
2025-12-12 18:13:22.989915,4299.76,4300.16
2025-12-12 18:13:23.367319,4299.72,4300.12
2025-12-12 18:13:23.533985,4299.62,4300.02
2025-12-12 18:13:23.644090,4299.66,4300.06
2025-12-12 18:13:23.736889,4299.63,4300.03
2025-12-12 18:13:23.839560,4299.62,4300.02
2025-12-12 18:13:23.951726,4299.61,4300.01
2025-12-12 18:13:24.231467,4299.57,4299.97
2025-12-12 18:13:24.368841,4299.59,4299.99
2025-12-12 18:13:24.695242,4299.5,4299.9
2025-12-12 18:13:25.177388,4299.48,4299.88
2025-12-12 18:13:25.429294,4299.55,4299.95
2025-12-12 18:13:25.673316,4299.54,4299.94
2025-12-12 18:13:26.032332,4299.55,4299.95
2025-12-12 18:13:26.111821,4299.52,4299.92
2025-12-12 18:13:26.357495,4299.16,4299.56
2025-12-12 18:13:26.590011,4299.26,4299.66
2025-12-12 18:13:26.699315,4299.33,4299.73
2025-12-12 18:13:26.839012,4299.3,4299.7
2025-12-12 18:13:26.996272,4299.25,4299.65
2025-12-12 18:13:27.198204,4299.39,4299.79
2025-12-12 18:13:27.258536,4299.42,4299.82
2025-12-12 18:13:27.462065,4299.34,4299.74
2025-12-12 18:13:27.704991,4299.37,4299.77
2025-12-12 18:13:27.909171,4299.3,4299.7
2025-12-12 18:13:28.080347,4299.27,4299.67
2025-12-12 18:13:28.310623,4299.24,4299.64
2025-12-12 18:13:28.789005,4299.13,4299.53
2025-12-12 18:13:28.992870,4298.78,4299.4
2025-12-12 18:13:29.241938,4298.93,4299.33
2025-12-12 18:13:29.768954,4298.94,4299.34
2025-12-12 18:13:29.928172,4298.98,4299.38
2025-12-12 18:13:30.222390,4298.99,4299.39
2025-12-12 18:13:30.546065,4299.0,4299.4
2025-12-12 18:13:30.657753,4298.97,4299.37
2025-12-12 18:13:30.828584,4299.03,4299.43
2025-12-12 18:13:30.966501,4299.05,4299.45
2025-12-12 18:13:31.297187,4298.81,4299.45
2025-12-12 18:13:31.532094,4298.87,4299.48
2025-12-12 18:13:31.823541,4298.92,4299.32
2025-12-12 18:13:32.039336,4298.94,4299.34
2025-12-12 18:13:32.247837,4298.81,4299.21
2025-12-12 18:13:32.458954,4298.78,4299.18
2025-12-12 18:13:32.702492,4298.77,4299.17
2025-12-12 18:13:33.146231,4298.78,4299.18
2025-12-12 18:13:33.379031,4298.77,4299.17
2025-12-12 18:13:33.462201,4298.42,4298.82
2025-12-12 18:13:33.656899,4298.43,4298.83
2025-12-12 18:13:33.874001,4298.41,4298.81
2025-12-12 18:13:34.246601,4298.59,4298.99
2025-12-12 18:13:34.619970,4298.6,4299.0
2025-12-12 18:13:34.713832,4298.56,4298.96
2025-12-12 18:13:35.151519,4298.58,4298.98
2025-12-12 18:13:35.428812,4298.49,4298.89
2025-12-12 18:13:35.583053,4298.52,4298.92
2025-12-12 18:13:35.841391,4298.64,4299.04
2025-12-12 18:13:36.136303,4298.74,4299.14
2025-12-12 18:13:36.414617,4298.75,4299.15
2025-12-12 18:13:36.602403,4298.74,4299.14
2025-12-12 18:13:36.710216,4298.64,4299.04
2025-12-12 18:13:37.069198,4298.77,4299.17
2025-12-12 18:13:37.301966,4299.16,4299.56
2025-12-12 18:13:37.506542,4299.2,4299.6
2025-12-12 18:13:37.751715,4299.13,4299.53
2025-12-12 18:13:38.420551,4299.14,4299.54
2025-12-12 18:13:38.606519,4299.23,4299.63
2025-12-12 18:13:39.150368,4299.33,4299.73
2025-12-12 18:13:39.394251,4299.21,4299.61
2025-12-12 18:13:39.892471,4299.31,4299.71
2025-12-12 18:13:40.359508,4299.24,4299.64
2025-12-12 18:13:40.668944,4299.32,4299.72
2025-12-12 18:13:40.711915,4299.27,4299.67
2025-12-12 18:13:40.951445,4299.23,4299.63
2025-12-12 18:13:41.166581,4299.14,4299.54
2025-12-12 18:13:41.402784,4299.12,4299.52
2025-12-12 18:13:41.673635,4299.13,4299.53
2025-12-12 18:13:41.845155,4298.82,4299.22
2025-12-12 18:13:41.970798,4298.83,4299.23
2025-12-12 18:13:42.232725,4298.87,4299.27
2025-12-12 18:13:42.486502,4298.92,4299.32
2025-12-12 18:13:42.640627,4299.09,4299.49
2025-12-12 18:13:42.839972,4299.11,4299.51
2025-12-12 18:13:43.057295,4299.13,4299.53
2025-12-12 18:13:43.215028,4299.12,4299.52
2025-12-12 18:13:43.371383,4299.09,4299.49
2025-12-12 18:13:43.617144,4299.07,4299.47
2025-12-12 18:13:44.047584,4299.08,4299.48
2025-12-12 18:13:44.286769,4299.1,4299.5
2025-12-12 18:13:44.424569,4299.0,4299.4
2025-12-12 18:13:44.656334,4299.08,4299.48
2025-12-12 18:13:45.139257,4299.12,4299.52
2025-12-12 18:13:45.448919,4299.27,4299.67
2025-12-12 18:13:45.650462,4299.28,4299.68
2025-12-12 18:13:46.038346,4299.29,4299.69
2025-12-12 18:13:46.314824,4299.34,4299.74
2025-12-12 18:13:46.403368,4299.41,4299.81
2025-12-12 18:13:47.324388,4299.59,4299.99
2025-12-12 18:13:47.510181,4299.69,4300.09
2025-12-12 18:13:47.787852,4299.88,4300.28
2025-12-12 18:13:48.099245,4299.82,4300.22
2025-12-12 18:13:48.390805,4299.98,4300.38
2025-12-12 18:13:48.592807,4299.89,4300.29
2025-12-12 18:13:48.807970,4299.87,4300.27
2025-12-12 18:13:49.596442,4299.79,4300.19
2025-12-12 18:13:49.891924,4299.76,4300.16
2025-12-12 18:13:50.121371,4299.67,4300.07
2025-12-12 18:13:50.683530,4299.92,4300.32
2025-12-12 18:13:51.350762,4299.99,4300.57
2025-12-12 18:13:51.632612,4299.96,4300.36
2025-12-12 18:13:51.878694,4300.01,4300.41
2025-12-12 18:13:52.107465,4300.11,4300.51
2025-12-12 18:13:52.865717,4300.04,4300.44
2025-12-12 18:13:52.986994,4300.05,4300.45
2025-12-12 18:13:53.171803,4300.11,4300.51
2025-12-12 18:13:53.201630,4300.14,4300.54
2025-12-12 18:13:53.716691,4300.11,4300.51
2025-12-12 18:13:54.103793,4300.13,4300.53
2025-12-12 18:13:54.830077,4300.25,4300.65
2025-12-12 18:13:55.046888,4300.4,4300.8
2025-12-12 18:13:55.342134,4300.37,4300.77
2025-12-12 18:13:55.680999,4300.41,4300.81
2025-12-12 18:13:56.103959,4300.34,4300.74
2025-12-12 18:13:56.519548,4300.23,4300.63
2025-12-12 18:13:56.740037,4300.1,4300.5
2025-12-12 18:13:56.913149,4300.24,4300.64
2025-12-12 18:13:56.986633,4300.39,4300.79
2025-12-12 18:13:57.391538,4300.33,4300.73
2025-12-12 18:13:57.757619,4300.27,4300.67
2025-12-12 18:13:57.982553,4300.21,4300.61
2025-12-12 18:13:58.198114,4300.29,4300.69
2025-12-12 18:13:58.381985,4300.4,4300.8
2025-12-12 18:13:58.677550,4300.42,4300.82
2025-12-12 18:13:58.770770,4300.46,4300.86
2025-12-12 18:13:59.017495,4300.3,4300.7
2025-12-12 18:13:59.845010,4300.26,4300.8
2025-12-12 18:14:00.030188,4300.46,4300.86
2025-12-12 18:14:00.260448,4300.5,4300.9
2025-12-12 18:14:00.559360,4300.36,4300.76
2025-12-12 18:14:00.754527,4300.32,4300.72
2025-12-12 18:14:00.991309,4300.37,4300.77
2025-12-12 18:14:01.206307,4300.44,4300.84
2025-12-12 18:14:01.778221,4300.45,4300.85
2025-12-12 18:14:02.033486,4300.29,4300.69
2025-12-12 18:14:02.107523,4300.31,4300.71
2025-12-12 18:14:02.478788,4300.36,4300.76
2025-12-12 18:14:02.742550,4300.29,4300.69
2025-12-12 18:14:02.993172,4300.46,4300.86
2025-12-12 18:14:03.203848,4300.49,4300.89
2025-12-12 18:14:03.420686,4300.5,4300.9
2025-12-12 18:14:04.011560,4300.49,4300.89
2025-12-12 18:14:04.146590,4300.45,4300.85
2025-12-12 18:14:04.486678,4300.47,4300.87
2025-12-12 18:14:04.735794,4300.39,4300.79
2025-12-12 18:14:04.985546,4300.48,4300.88
2025-12-12 18:14:05.261065,4300.51,4300.91
2025-12-12 18:14:05.651753,4300.48,4300.88
2025-12-12 18:14:06.538696,4300.51,4300.91
2025-12-12 18:14:06.816865,4300.63,4301.03
2025-12-12 18:14:07.067214,4300.76,4301.16
2025-12-12 18:14:07.186669,4300.67,4301.07
2025-12-12 18:14:07.317615,4300.63,4301.03
2025-12-12 18:14:07.500182,4300.65,4301.05
2025-12-12 18:14:07.963073,4300.39,4300.79
2025-12-12 18:14:08.117080,4300.4,4300.8
2025-12-12 18:14:08.937625,4300.46,4300.86
2025-12-12 18:14:09.247035,4300.59,4300.99
2025-12-12 18:14:09.505766,4300.35,4300.75
2025-12-12 18:14:09.989629,4300.3,4300.7
2025-12-12 18:14:10.222555,4300.29,4300.69
2025-12-12 18:14:10.448485,4300.27,4300.67
2025-12-12 18:14:10.896755,4300.3,4300.7
2025-12-12 18:14:11.357714,4300.31,4300.71
2025-12-12 18:14:12.617538,4300.32,4300.72
2025-12-12 18:14:13.143345,4300.54,4300.94
2025-12-12 18:14:13.420819,4300.41,4300.81
2025-12-12 18:14:13.685902,4299.26,4299.66
2025-12-12 18:14:13.889489,4299.23,4299.63
2025-12-12 18:14:14.666494,4299.67,4300.07
2025-12-12 18:14:14.931466,4299.76,4300.16
2025-12-12 18:14:15.147435,4299.91,4300.31
2025-12-12 18:14:15.627058,4299.92,4300.32
2025-12-12 18:14:15.875546,4299.68,4300.08
2025-12-12 18:14:16.096901,4299.74,4300.14
2025-12-12 18:14:16.312282,4299.73,4300.13
2025-12-12 18:14:16.451700,4299.51,4299.91
2025-12-12 18:14:16.742475,4299.48,4299.88
2025-12-12 18:14:17.042668,4299.58,4299.98
2025-12-12 18:14:17.256490,4299.55,4299.95
2025-12-12 18:14:17.692557,4299.65,4300.05
2025-12-12 18:14:17.769058,4299.61,4300.01
2025-12-12 18:14:18.000904,4299.6,4300.0
2025-12-12 18:14:18.250912,4299.64,4300.04
2025-12-12 18:14:18.436100,4299.68,4300.08
2025-12-12 18:14:18.685629,4299.52,4299.92
2025-12-12 18:14:18.993063,4299.58,4299.98
2025-12-12 18:14:19.270031,4299.61,4300.01
2025-12-12 18:14:19.344310,4299.63,4300.03
2025-12-12 18:14:19.623906,4299.6,4300.0
2025-12-12 18:14:20.135783,4299.59,4299.99
2025-12-12 18:14:20.310179,4299.47,4299.87
2025-12-12 18:14:20.445281,4299.49,4299.89
2025-12-12 18:14:20.663091,4299.47,4299.87
2025-12-12 18:14:20.911706,4299.4,4299.8
2025-12-12 18:14:21.159129,4299.42,4299.82
2025-12-12 18:14:21.378240,4299.35,4299.75
2025-12-12 18:14:21.706348,4299.42,4299.82
2025-12-12 18:14:21.922044,4299.37,4299.77
2025-12-12 18:14:22.155824,4299.46,4299.86
2025-12-12 18:14:22.482578,4299.47,4299.87
2025-12-12 18:14:22.932318,4299.49,4299.89
2025-12-12 18:14:22.975673,4299.5,4299.9
2025-12-12 18:14:23.261124,4299.7,4300.1
2025-12-12 18:14:23.520976,4299.69,4300.09
2025-12-12 18:14:23.738704,4299.67,4300.07
2025-12-12 18:14:24.035297,4299.61,4300.01
2025-12-12 18:14:24.282452,4299.49,4299.89
2025-12-12 18:14:24.546812,4299.43,4299.83
2025-12-12 18:14:24.798396,4299.41,4299.81
2025-12-12 18:14:25.151876,4299.53,4299.93
2025-12-12 18:14:25.816841,4299.62,4300.02
2025-12-12 18:14:26.075801,4299.64,4300.04
2025-12-12 18:14:26.325057,4299.59,4299.99
2025-12-12 18:14:26.604314,4299.66,4300.06
2025-12-12 18:14:27.098591,4299.52,4299.92
2025-12-12 18:14:27.269355,4299.49,4299.89
2025-12-12 18:14:27.579767,4299.4,4299.8
2025-12-12 18:14:27.816184,4299.43,4299.83
2025-12-12 18:14:28.306428,4299.53,4299.93
2025-12-12 18:14:28.647838,4299.54,4299.94
2025-12-12 18:14:28.852291,4299.6,4300.0
2025-12-12 18:14:29.100119,4299.37,4299.96
2025-12-12 18:14:29.791494,4299.65,4300.05
2025-12-12 18:14:30.087791,4299.59,4299.99
2025-12-12 18:14:30.369275,4299.53,4299.93
2025-12-12 18:14:30.510679,4299.47,4299.87
2025-12-12 18:14:30.632638,4299.49,4299.89
2025-12-12 18:14:30.837617,4299.55,4299.95
2025-12-12 18:14:31.021855,4299.58,4299.98
2025-12-12 18:14:31.162807,4299.63,4300.03
2025-12-12 18:14:31.458219,4299.86,4300.26
2025-12-12 18:14:31.670914,4299.76,4300.16
2025-12-12 18:14:31.733617,4299.79,4300.19
2025-12-12 18:14:32.260619,4299.8,4300.2
2025-12-12 18:14:32.434400,4299.79,4300.19
2025-12-12 18:14:32.667403,4299.75,4300.15
2025-12-12 18:14:33.225969,4299.78,4300.18
2025-12-12 18:14:33.334468,4299.81,4300.21
2025-12-12 18:14:33.550936,4299.79,4300.19
2025-12-12 18:14:34.013812,4299.81,4300.21
2025-12-12 18:14:34.278009,4299.8,4300.2
2025-12-12 18:14:34.806506,4299.78,4300.18
2025-12-12 18:14:34.905664,4300.19,4300.59
2025-12-12 18:14:35.069790,4300.27,4300.67
2025-12-12 18:14:35.489132,4300.25,4300.65
2025-12-12 18:14:36.177210,4300.3,4300.7
2025-12-12 18:14:36.593832,4300.3,4300.89
2025-12-12 18:14:36.765507,4300.27,4300.67
2025-12-12 18:14:37.337145,4300.22,4300.62
2025-12-12 18:14:38.218146,4300.18,4300.58
2025-12-12 18:14:38.378135,4300.16,4300.56
2025-12-12 18:14:38.588447,4300.06,4300.46
2025-12-12 18:14:38.758007,4300.28,4300.68
2025-12-12 18:14:39.344505,4300.41,4300.81
2025-12-12 18:14:39.549057,4300.47,4300.87
2025-12-12 18:14:39.782461,4300.39,4300.79
2025-12-12 18:14:40.075182,4300.22,4300.62
2025-12-12 18:14:40.463413,4300.24,4300.64
2025-12-12 18:14:40.755161,4300.27,4300.67
2025-12-12 18:14:40.957085,4300.42,4300.82
2025-12-12 18:14:41.221141,4300.52,4300.92
2025-12-12 18:14:41.473724,4300.5,4300.9
2025-12-12 18:14:41.699262,4300.48,4300.88
2025-12-12 18:14:41.948852,4300.49,4300.89
2025-12-12 18:14:42.571202,4300.44,4300.84
2025-12-12 18:14:42.675908,4300.49,4300.89
2025-12-12 18:14:43.157977,4300.37,4300.77
2025-12-12 18:14:43.388012,4300.18,4300.58
2025-12-12 18:14:43.638714,4300.09,4300.49
2025-12-12 18:14:44.081127,4300.08,4300.48
2025-12-12 18:14:44.363746,4300.07,4300.47
2025-12-12 18:14:44.601708,4300.0,4300.4
2025-12-12 18:14:44.707272,4299.96,4300.36
2025-12-12 18:14:44.843651,4299.99,4300.39
2025-12-12 18:14:45.108962,4300.0,4300.4
2025-12-12 18:14:45.386987,4300.05,4300.45
2025-12-12 18:14:45.606163,4300.02,4300.42
2025-12-12 18:14:45.886591,4300.21,4300.61
2025-12-12 18:14:46.117116,4300.36,4300.76
2025-12-12 18:14:46.366197,4300.44,4300.84
2025-12-12 18:14:46.692918,4300.4,4300.8
2025-12-12 18:14:46.907433,4300.66,4301.06
2025-12-12 18:14:47.152984,4300.65,4301.05
2025-12-12 18:14:47.352639,4300.64,4301.04
2025-12-12 18:14:47.618160,4300.59,4300.99
2025-12-12 18:14:47.850248,4300.58,4300.98
2025-12-12 18:14:48.002674,4300.62,4301.02
2025-12-12 18:14:48.294093,4300.68,4301.08
2025-12-12 18:14:48.636149,4300.65,4301.05
2025-12-12 18:14:48.847711,4300.85,4301.25
2025-12-12 18:14:49.437240,4300.86,4301.26
2025-12-12 18:14:49.960913,4300.92,4301.32
2025-12-12 18:14:50.149268,4300.88,4301.28
2025-12-12 18:14:50.371040,4300.85,4301.25
2025-12-12 18:14:50.866390,4300.76,4301.16
2025-12-12 18:14:51.172041,4300.69,4301.09
2025-12-12 18:14:51.421080,4300.73,4301.13
2025-12-12 18:14:51.948998,4300.44,4300.84
2025-12-12 18:14:52.176422,4300.47,4300.87
2025-12-12 18:14:52.659831,4300.45,4300.85
2025-12-12 18:14:52.925161,4300.36,4300.76
2025-12-12 18:14:53.143044,4300.39,4300.79
2025-12-12 18:14:53.359625,4300.35,4300.75
2025-12-12 18:14:53.610579,4300.33,4300.73
2025-12-12 18:14:53.839945,4300.39,4300.79
2025-12-12 18:14:54.120131,4300.38,4300.78
2025-12-12 18:14:54.338709,4300.43,4300.83
2025-12-12 18:14:54.649119,4300.51,4300.91
2025-12-12 18:14:55.153987,4300.55,4300.95
2025-12-12 18:14:55.419099,4300.56,4300.96
2025-12-12 18:14:55.637032,4300.53,4300.93
2025-12-12 18:14:55.996247,4300.55,4300.95
2025-12-12 18:14:56.612878,4300.06,4300.46
2025-12-12 18:14:56.644339,4300.05,4300.45
2025-12-12 18:14:56.874560,4300.21,4300.61
2025-12-12 18:14:57.155208,4300.31,4300.71
2025-12-12 18:14:57.458016,4300.26,4300.66
2025-12-12 18:14:57.707390,4300.25,4300.65
2025-12-12 18:14:57.859601,4300.83,4301.23
2025-12-12 18:14:58.189845,4300.82,4301.22
2025-12-12 18:14:59.151517,4300.78,4301.18
2025-12-12 18:14:59.386692,4300.79,4301.19
2025-12-12 18:14:59.588081,4300.8,4301.2
2025-12-12 18:15:00.080752,4301.03,4301.43
2025-12-12 18:15:00.296799,4300.73,4301.13
2025-12-12 18:15:00.544098,4300.63,4301.03
2025-12-12 18:15:00.773157,4300.44,4300.84
2025-12-12 18:15:01.008104,4300.46,4300.86
2025-12-12 18:15:01.254161,4300.44,4300.84
2025-12-12 18:15:01.538994,4300.53,4300.93
2025-12-12 18:15:01.768269,4300.54,4300.94
2025-12-12 18:15:02.448333,4300.57,4300.97
2025-12-12 18:15:02.822345,4300.67,4301.07
2025-12-12 18:15:03.145001,4300.75,4301.15
2025-12-12 18:15:03.286816,4300.8,4301.2
2025-12-12 18:15:03.379663,4300.79,4301.19
2025-12-12 18:15:03.473790,4300.86,4301.26
2025-12-12 18:15:03.624395,4300.98,4301.38
2025-12-12 18:15:03.782598,4300.9,4301.3
2025-12-12 18:15:04.366478,4300.87,4301.27
2025-12-12 18:15:04.426169,4300.92,4301.32
2025-12-12 18:15:04.565013,4300.95,4301.35
2025-12-12 18:15:04.719967,4300.94,4301.34
2025-12-12 18:15:05.002416,4300.91,4301.31
2025-12-12 18:15:05.046864,4300.86,4301.26
2025-12-12 18:15:05.199156,4300.79,4301.19
2025-12-12 18:15:05.247227,4300.8,4301.2
2025-12-12 18:15:05.633948,4300.94,4301.34
2025-12-12 18:15:05.803961,4300.93,4301.33
2025-12-12 18:15:05.897760,4300.98,4301.38
2025-12-12 18:15:06.120851,4300.95,4301.35
2025-12-12 18:15:06.268448,4300.94,4301.34
2025-12-12 18:15:06.646814,4300.69,4301.09
2025-12-12 18:15:06.850290,4300.81,4301.21
2025-12-12 18:15:07.063328,4300.73,4301.13
2025-12-12 18:15:07.297521,4300.82,4301.22
2025-12-12 18:15:07.501047,4300.9,4301.3
2025-12-12 18:15:07.763744,4300.92,4301.32
2025-12-12 18:15:08.552327,4301.21,4301.61
2025-12-12 18:15:08.768466,4301.18,4301.58
2025-12-12 18:15:08.923686,4301.2,4301.6
2025-12-12 18:15:09.184442,4301.18,4301.58
2025-12-12 18:15:09.429227,4301.11,4301.51
2025-12-12 18:15:09.633446,4301.0,4301.4
2025-12-12 18:15:09.663255,4301.09,4301.49
2025-12-12 18:15:09.944541,4301.19,4301.59
2025-12-12 18:15:10.113870,4301.21,4301.61
2025-12-12 18:15:10.346969,4301.3,4301.7
2025-12-12 18:15:10.576691,4301.31,4301.71
2025-12-12 18:15:11.087995,4301.22,4301.62
2025-12-12 18:15:11.319951,4301.22,4301.79
2025-12-12 18:15:11.800276,4301.27,4301.67
2025-12-12 18:15:12.104234,4301.4,4301.8
2025-12-12 18:15:12.213078,4301.48,4301.88
2025-12-12 18:15:12.585955,4301.4,4301.8
2025-12-12 18:15:12.679260,4301.42,4301.82
2025-12-12 18:15:13.081019,4301.46,4301.86
2025-12-12 18:15:13.389562,4301.56,4302.13
2025-12-12 18:15:13.652524,4301.64,4302.04
2025-12-12 18:15:13.776795,4301.63,4302.03
2025-12-12 18:15:13.853730,4301.6,4302.0
2025-12-12 18:15:14.103936,4301.63,4302.03
2025-12-12 18:15:14.332615,4301.61,4302.01
2025-12-12 18:15:14.633138,4301.55,4301.95
2025-12-12 18:15:14.926282,4301.43,4301.83
2025-12-12 18:15:15.140978,4301.37,4301.77
2025-12-12 18:15:15.204252,4301.33,4301.73
2025-12-12 18:15:15.439506,4301.32,4301.72
2025-12-12 18:15:15.916970,4301.36,4301.76
2025-12-12 18:15:16.122454,4301.44,4301.84
2025-12-12 18:15:16.383900,4301.5,4301.9
2025-12-12 18:15:16.614454,4301.51,4301.91
2025-12-12 18:15:16.910110,4301.53,4301.93
2025-12-12 18:15:17.176394,4301.48,4301.88
2025-12-12 18:15:17.501764,4301.45,4301.85
2025-12-12 18:15:17.798271,4301.41,4301.81
2025-12-12 18:15:17.984161,4301.52,4301.92
2025-12-12 18:15:18.271280,4301.58,4301.98
2025-12-12 18:15:18.483401,4301.48,4301.88
2025-12-12 18:15:18.746008,4301.43,4301.83
2025-12-12 18:15:18.930872,4301.45,4301.85
2025-12-12 18:15:19.215521,4301.54,4301.94
2025-12-12 18:15:19.447182,4301.44,4301.84
2025-12-12 18:15:19.665146,4300.95,4301.35
2025-12-12 18:15:19.913491,4301.02,4301.42
2025-12-12 18:15:20.146430,4300.95,4301.35
2025-12-12 18:15:20.345265,4300.96,4301.36
2025-12-12 18:15:20.578123,4300.99,4301.39
2025-12-12 18:15:20.851518,4301.39,4301.79
2025-12-12 18:15:21.069199,4301.36,4301.76
2025-12-12 18:15:21.285802,4301.39,4301.79
2025-12-12 18:15:21.438634,4301.38,4301.78
2025-12-12 18:15:21.546670,4301.37,4301.77
2025-12-12 18:15:21.754247,4301.44,4301.84
2025-12-12 18:15:22.013628,4301.43,4301.83
2025-12-12 18:15:22.246235,4301.44,4301.84
2025-12-12 18:15:22.554489,4301.21,4301.61
2025-12-12 18:15:22.773473,4301.94,4302.24
2025-12-12 18:15:22.967442,4302.27,4302.67
2025-12-12 18:15:23.188101,4302.37,4302.77
2025-12-12 18:15:23.512932,4302.49,4302.89
2025-12-12 18:15:23.730981,4302.87,4303.17
2025-12-12 18:15:23.959458,4303.26,4303.66
2025-12-12 18:15:24.195341,4303.32,4303.72
2025-12-12 18:15:24.427431,4303.4,4303.8
2025-12-12 18:15:24.659535,4303.39,4303.79
2025-12-12 18:15:24.736699,4303.45,4303.85
2025-12-12 18:15:24.878239,4303.36,4303.76
2025-12-12 18:15:25.109297,4303.33,4303.73
2025-12-12 18:15:25.373832,4303.34,4303.74
2025-12-12 18:15:25.561851,4303.32,4303.72
2025-12-12 18:15:25.794350,4303.18,4303.58
2025-12-12 18:15:26.215501,4303.07,4303.47
2025-12-12 18:15:26.462229,4303.15,4303.55
2025-12-12 18:15:26.621063,4303.07,4303.47
2025-12-12 18:15:26.848238,4303.09,4303.49
2025-12-12 18:15:27.112993,4303.06,4303.46
2025-12-12 18:15:27.312658,4302.95,4303.35
2025-12-12 18:15:27.377200,4302.88,4303.28
2025-12-12 18:15:27.780434,4302.86,4303.26
2025-12-12 18:15:28.025372,4302.9,4303.3
2025-12-12 18:15:28.287546,4302.2,4302.6
2025-12-12 18:15:28.470669,4302.47,4302.87
2025-12-12 18:15:28.824387,4302.44,4302.84
2025-12-12 18:15:28.950679,4302.38,4302.78
2025-12-12 18:15:29.181532,4302.46,4302.86
2025-12-12 18:15:29.462015,4302.44,4302.84
2025-12-12 18:15:29.696236,4302.52,4302.92
2025-12-12 18:15:29.958755,4302.65,4303.05
2025-12-12 18:15:30.189855,4302.6,4303.0
2025-12-12 18:15:30.453950,4302.46,4302.86
2025-12-12 18:15:30.559111,4302.4,4302.8
2025-12-12 18:15:30.824553,4302.44,4302.84
2025-12-12 18:15:31.083020,4302.41,4302.81
2025-12-12 18:15:31.165471,4302.45,4302.85
2025-12-12 18:15:31.348550,4302.42,4302.82
2025-12-12 18:15:31.672064,4302.44,4302.84
2025-12-12 18:15:31.916178,4302.41,4302.81
2025-12-12 18:15:32.119078,4302.43,4302.83
2025-12-12 18:15:32.365675,4302.21,4302.61
2025-12-12 18:15:32.629361,4302.33,4302.73
2025-12-12 18:15:32.966439,4302.38,4302.78
2025-12-12 18:15:33.308882,4302.39,4302.79
2025-12-12 18:15:33.414086,4302.43,4302.83
2025-12-12 18:15:33.602412,4302.38,4302.78
2025-12-12 18:15:33.891128,4302.29,4302.69
2025-12-12 18:15:34.092734,4301.96,4302.36
2025-12-12 18:15:34.186096,4301.98,4302.38
2025-12-12 18:15:34.593190,4302.05,4302.45
2025-12-12 18:15:34.739451,4302.03,4302.58
2025-12-12 18:15:34.942559,4302.16,4302.56
2025-12-12 18:15:35.144117,4302.2,4302.6
2025-12-12 18:15:35.422283,4302.04,4302.44
2025-12-12 18:15:35.595879,4302.03,4302.43
2025-12-12 18:15:35.673631,4302.09,4302.49
2025-12-12 18:15:35.889921,4302.24,4302.64
2025-12-12 18:15:36.092818,4302.21,4302.61
2025-12-12 18:15:36.381490,4302.22,4302.62
2025-12-12 18:15:36.581052,4302.17,4302.57
2025-12-12 18:15:36.825386,4302.25,4302.65
2025-12-12 18:15:37.029824,4302.3,4302.7
2025-12-12 18:15:37.339903,4302.32,4302.72
2025-12-12 18:15:37.603578,4302.33,4302.73
2025-12-12 18:15:38.345776,4302.32,4302.72
2025-12-12 18:15:38.439674,4302.5,4302.9
2025-12-12 18:15:38.673351,4302.39,4302.79
2025-12-12 18:15:38.954509,4302.45,4302.85
2025-12-12 18:15:39.186561,4302.44,4302.84
2025-12-12 18:15:39.557620,4302.51,4302.91
2025-12-12 18:15:39.994260,4302.66,4303.06
2025-12-12 18:15:40.445330,4302.58,4302.98
2025-12-12 18:15:40.657971,4302.48,4302.88
2025-12-12 18:15:40.846281,4302.64,4303.04
2025-12-12 18:15:41.092679,4302.57,4302.97
2025-12-12 18:15:41.328193,4302.61,4303.01
2025-12-12 18:15:41.559335,4302.56,4302.96
2025-12-12 18:15:41.793271,4302.58,4302.98
2025-12-12 18:15:41.959352,4302.53,4302.93
2025-12-12 18:15:42.244163,4302.56,4302.96
2025-12-12 18:15:42.487583,4302.6,4303.0
2025-12-12 18:15:43.173328,4302.61,4303.01
2025-12-12 18:15:43.672237,4302.71,4303.11
2025-12-12 18:15:43.952421,4302.72,4303.12
2025-12-12 18:15:44.290149,4302.71,4303.11
2025-12-12 18:15:44.752335,4302.82,4303.22
2025-12-12 18:15:44.986374,4302.76,4303.16
2025-12-12 18:15:45.236776,4302.86,4303.26
2025-12-12 18:15:45.471592,4303.05,4303.45
2025-12-12 18:15:45.730299,4303.04,4303.44
2025-12-12 18:15:45.842647,4303.02,4303.42
2025-12-12 18:15:46.135573,4303.01,4303.41
2025-12-12 18:15:46.351262,4302.83,4303.23
2025-12-12 18:15:46.524745,4302.89,4303.29
2025-12-12 18:15:46.736663,4302.88,4303.28
2025-12-12 18:15:46.925330,4302.89,4303.29
2025-12-12 18:15:47.397768,4302.96,4303.36
2025-12-12 18:15:47.881894,4302.96,4303.51
2025-12-12 18:15:48.098253,4302.95,4303.35
2025-12-12 18:15:48.533178,4303.03,4303.43
2025-12-12 18:15:48.825540,4303.05,4303.45
2025-12-12 18:15:49.119517,4302.95,4303.35
2025-12-12 18:15:49.428894,4303.02,4303.42
2025-12-12 18:15:49.648706,4303.01,4303.41
2025-12-12 18:15:49.864212,4302.99,4303.39
2025-12-12 18:15:50.050880,4302.95,4303.35
2025-12-12 18:15:50.422470,4303.06,4303.46
2025-12-12 18:15:50.628980,4303.12,4303.52
2025-12-12 18:15:50.908505,4303.15,4303.55
2025-12-12 18:15:51.404310,4303.05,4303.45
2025-12-12 18:15:51.881327,4302.96,4303.36
2025-12-12 18:15:52.909049,4303.05,4303.45
2025-12-12 18:15:53.327959,4302.93,4303.33
2025-12-12 18:15:53.626392,4302.98,4303.38
2025-12-12 18:15:54.224708,4303.03,4303.43
2025-12-12 18:15:54.601535,4302.94,4303.5
2025-12-12 18:15:54.878101,4303.01,4303.41
2025-12-12 18:15:54.942413,4302.82,4303.22
2025-12-12 18:15:55.155855,4302.53,4302.93
2025-12-12 18:15:55.343291,4302.54,4302.94
2025-12-12 18:15:55.823186,4302.49,4302.89
2025-12-12 18:15:56.552779,4302.48,4302.88
2025-12-12 18:15:56.802397,4302.46,4302.86
2025-12-12 18:15:56.881689,4302.26,4302.66
2025-12-12 18:15:57.062270,4302.27,4302.67
2025-12-12 18:15:57.561880,4302.21,4302.61
2025-12-12 18:15:57.872016,4302.03,4302.43
2025-12-12 18:15:58.074030,4302.16,4302.56
2025-12-12 18:15:58.303759,4302.2,4302.6
2025-12-12 18:15:58.504002,4302.24,4302.64
2025-12-12 18:15:58.631603,4302.16,4302.56
2025-12-12 18:15:58.859262,4302.2,4302.6
2025-12-12 18:15:59.235727,4302.33,4302.73
2025-12-12 18:15:59.422089,4302.17,4302.57
2025-12-12 18:15:59.463044,4302.19,4302.59
2025-12-12 18:15:59.639664,4302.17,4302.57
2025-12-12 18:15:59.902540,4302.37,4302.77
2025-12-12 18:15:59.997443,4302.55,4302.95
2025-12-12 18:16:00.212320,4302.36,4302.76
2025-12-12 18:16:00.414802,4302.33,4302.73
2025-12-12 18:16:00.441039,4302.34,4302.74
2025-12-12 18:16:00.675671,4302.38,4302.78
2025-12-12 18:16:00.907873,4302.42,4302.82
2025-12-12 18:16:01.139516,4302.41,4302.81
2025-12-12 18:16:01.620896,4302.35,4302.75
2025-12-12 18:16:01.777964,4302.39,4302.79
2025-12-12 18:16:02.411257,4302.43,4302.83
2025-12-12 18:16:02.649276,4302.45,4302.85
2025-12-12 18:16:02.927257,4302.51,4302.91
2025-12-12 18:16:03.191036,4302.48,4302.88
2025-12-12 18:16:03.436898,4302.47,4302.87
2025-12-12 18:16:03.681655,4302.6,4303.0
2025-12-12 18:16:03.899513,4302.53,4302.93
2025-12-12 18:16:03.980407,4302.5,4302.9
2025-12-12 18:16:04.133321,4302.55,4302.95
2025-12-12 18:16:04.284066,4302.49,4302.89
2025-12-12 18:16:04.425923,4302.55,4302.95
2025-12-12 18:16:04.599371,4302.61,4303.01
2025-12-12 18:16:04.672593,4302.6,4303.15
2025-12-12 18:16:04.895323,4302.63,4303.03
2025-12-12 18:16:05.325574,4302.62,4303.02
2025-12-12 18:16:05.623274,4302.65,4303.05
2025-12-12 18:16:05.866497,4302.61,4303.01
2025-12-12 18:16:05.976757,4302.65,4303.05
2025-12-12 18:16:06.113437,4302.68,4303.08
2025-12-12 18:16:06.378513,4302.67,4303.07
2025-12-12 18:16:06.613577,4302.69,4303.09
2025-12-12 18:16:07.200922,4302.61,4303.01
2025-12-12 18:16:07.465487,4302.67,4303.07
2025-12-12 18:16:07.825926,4302.69,4303.09
2025-12-12 18:16:08.055332,4302.65,4303.05
2025-12-12 18:16:08.336809,4302.69,4303.09
2025-12-12 18:16:08.552457,4302.71,4303.11
2025-12-12 18:16:08.804260,4302.85,4303.25
2025-12-12 18:16:09.019166,4303.12,4303.52
2025-12-12 18:16:09.234567,4303.08,4303.48
2025-12-12 18:16:09.357258,4303.11,4303.51
2025-12-12 18:16:09.466788,4303.09,4303.49
2025-12-12 18:16:09.917474,4302.99,4303.39
2025-12-12 18:16:10.024572,4303.01,4303.41
2025-12-12 18:16:10.225647,4303.12,4303.52
2025-12-12 18:16:10.475705,4303.1,4303.5
2025-12-12 18:16:10.908088,4303.06,4303.46
2025-12-12 18:16:11.145618,4302.97,4303.37
2025-12-12 18:16:11.403138,4302.95,4303.35
2025-12-12 18:16:11.991545,4302.93,4303.33
2025-12-12 18:16:12.051537,4302.92,4303.32
2025-12-12 18:16:12.207729,4302.95,4303.35
2025-12-12 18:16:12.424837,4302.89,4303.29
2025-12-12 18:16:12.736831,4302.94,4303.34
2025-12-12 18:16:12.950753,4302.66,4303.19
2025-12-12 18:16:13.169247,4302.46,4302.86
2025-12-12 18:16:13.383296,4302.6,4303.0
2025-12-12 18:16:13.602392,4302.56,4302.96
2025-12-12 18:16:13.807602,4302.29,4302.84
2025-12-12 18:16:14.065720,4302.54,4302.94
2025-12-12 18:16:14.547117,4302.52,4302.92
2025-12-12 18:16:14.688397,4302.42,4302.82
2025-12-12 18:16:15.446326,4302.46,4302.86
2025-12-12 18:16:15.709314,4302.33,4302.73
2025-12-12 18:16:15.959448,4302.34,4302.74
2025-12-12 18:16:16.131832,4302.39,4302.79
2025-12-12 18:16:16.442154,4302.58,4302.98
2025-12-12 18:16:16.686997,4302.4,4302.98
2025-12-12 18:16:16.978913,4302.32,4302.72
2025-12-12 18:16:17.467210,4302.19,4302.59
2025-12-12 18:16:17.714290,4302.22,4302.62
2025-12-12 18:16:18.245508,4302.36,4302.76
2025-12-12 18:16:18.722021,4302.25,4302.65
2025-12-12 18:16:18.941075,4302.34,4302.74
2025-12-12 18:16:19.443293,4302.48,4302.88
2025-12-12 18:16:19.659080,4302.29,4302.69
2025-12-12 18:16:20.130212,4302.24,4302.64
2025-12-12 18:16:20.644010,4302.1,4302.5
2025-12-12 18:16:20.859350,4302.14,4302.54
2025-12-12 18:16:21.141873,4302.09,4302.49
2025-12-12 18:16:21.276256,4302.06,4302.46
2025-12-12 18:16:21.433046,4302.13,4302.53
2025-12-12 18:16:21.651169,4302.1,4302.5
2025-12-12 18:16:22.164743,4302.2,4302.6
2025-12-12 18:16:22.846197,4302.11,4302.51
2025-12-12 18:16:23.073290,4302.12,4302.52
2025-12-12 18:16:23.277727,4302.11,4302.51
2025-12-12 18:16:23.556559,4302.15,4302.55
2025-12-12 18:16:23.759110,4302.09,4302.49
2025-12-12 18:16:23.988281,4302.07,4302.47
2025-12-12 18:16:24.235096,4301.98,4302.38
2025-12-12 18:16:24.950807,4302.13,4302.53
2025-12-12 18:16:25.448857,4302.06,4302.57
2025-12-12 18:16:25.943319,4301.98,4302.38
2025-12-12 18:16:26.177256,4301.93,4302.33
2025-12-12 18:16:26.272331,4301.84,4302.24
2025-12-12 18:16:26.504142,4301.91,4302.31
2025-12-12 18:16:26.607884,4302.04,4302.44
2025-12-12 18:16:26.798408,4302.01,4302.41
2025-12-12 18:16:27.277634,4302.05,4302.45
2025-12-12 18:16:27.387072,4302.19,4302.59
2025-12-12 18:16:27.592970,4302.22,4302.62
2025-12-12 18:16:27.819518,4302.23,4302.63
2025-12-12 18:16:28.133771,4302.22,4302.62
2025-12-12 18:16:28.355135,4302.24,4302.64
2025-12-12 18:16:28.814209,4302.23,4302.63
2025-12-12 18:16:29.153645,4302.24,4302.64
2025-12-12 18:16:29.402347,4302.2,4302.6
2025-12-12 18:16:29.602102,4302.14,4302.54
2025-12-12 18:16:30.270529,4302.19,4302.59
2025-12-12 18:16:30.467648,4302.21,4302.61
2025-12-12 18:16:30.759472,4302.5,4302.9
2025-12-12 18:16:30.961481,4302.43,4302.83
2025-12-12 18:16:31.176450,4302.44,4302.84
2025-12-12 18:16:31.871734,4302.4,4302.8
2025-12-12 18:16:32.135664,4302.23,4302.63
2025-12-12 18:16:32.585929,4302.26,4302.66
2025-12-12 18:16:32.817995,4302.19,4302.59
2025-12-12 18:16:33.342693,4302.23,4302.63
2025-12-12 18:16:33.806790,4302.25,4302.65
2025-12-12 18:16:34.334695,4302.2,4302.6
2025-12-12 18:16:34.595987,4302.18,4302.58
2025-12-12 18:16:34.954156,4302.29,4302.69
2025-12-12 18:16:35.120666,4302.26,4302.66
2025-12-12 18:16:35.310644,4302.36,4302.76
2025-12-12 18:16:35.402957,4302.44,4302.84
2025-12-12 18:16:35.648353,4302.3,4302.7
2025-12-12 18:16:35.869186,4302.24,4302.64
2025-12-12 18:16:36.146594,4302.25,4302.65
2025-12-12 18:16:36.362778,4302.04,4302.68
2025-12-12 18:16:36.642661,4302.44,4302.84
2025-12-12 18:16:37.134592,4302.5,4302.9
2025-12-12 18:16:37.380489,4302.52,4302.92
2025-12-12 18:16:37.721839,4302.55,4302.95
2025-12-12 18:16:38.438220,4302.51,4302.91
2025-12-12 18:16:38.649035,4302.55,4302.95
2025-12-12 18:16:38.836673,4302.52,4302.92
2025-12-12 18:16:39.305450,4302.63,4303.03
2025-12-12 18:16:39.596741,4302.5,4302.9
2025-12-12 18:16:39.847043,4302.59,4302.99
2025-12-12 18:16:40.046758,4302.5,4302.9
2025-12-12 18:16:40.419943,4302.54,4303.09
2025-12-12 18:16:40.666325,4302.52,4302.92
2025-12-12 18:16:40.951825,4302.36,4302.76
2025-12-12 18:16:41.165392,4302.43,4302.83
2025-12-12 18:16:41.395776,4302.39,4302.79
2025-12-12 18:16:41.508872,4302.46,4302.86
2025-12-12 18:16:41.710124,4302.42,4302.82
2025-12-12 18:16:41.923426,4302.4,4302.8
2025-12-12 18:16:42.186785,4302.3,4302.7
2025-12-12 18:16:42.835944,4302.29,4302.69
2025-12-12 18:16:43.035966,4302.23,4302.63
2025-12-12 18:16:43.629076,4302.25,4302.65
2025-12-12 18:16:43.814490,4302.22,4302.62
2025-12-12 18:16:44.071902,4302.11,4302.51
2025-12-12 18:16:44.302552,4302.09,4302.69
2025-12-12 18:16:44.756522,4302.28,4302.68
2025-12-12 18:16:44.907167,4302.29,4302.69
2025-12-12 18:16:45.269468,4302.31,4302.71
2025-12-12 18:16:45.560743,4302.32,4302.72
2025-12-12 18:16:46.270891,4302.48,4302.88
2025-12-12 18:16:46.892564,4302.44,4302.84
2025-12-12 18:16:47.066687,4302.29,4302.69
2025-12-12 18:16:47.581392,4302.28,4302.68
2025-12-12 18:16:47.828143,4302.25,4302.65
2025-12-12 18:16:48.126268,4302.07,4302.47
2025-12-12 18:16:48.668286,4302.34,4302.74
2025-12-12 18:16:48.792415,4302.3,4302.7
2025-12-12 18:16:49.086766,4302.31,4302.71
2025-12-12 18:16:49.147895,4302.33,4302.73
2025-12-12 18:16:49.385073,4302.15,4302.55
2025-12-12 18:16:49.554312,4302.04,4302.44
2025-12-12 18:16:49.723212,4301.9,4302.3
2025-12-12 18:16:49.952280,4302.09,4302.49
2025-12-12 18:16:50.214695,4302.1,4302.5
2025-12-12 18:16:50.386699,4301.97,4302.37
2025-12-12 18:16:50.676699,4301.98,4302.38
2025-12-12 18:16:50.929217,4302.03,4302.43
2025-12-12 18:16:51.142722,4302.18,4302.58
2025-12-12 18:16:51.623969,4302.16,4302.56
2025-12-12 18:16:51.853916,4302.1,4302.5
2025-12-12 18:16:52.197475,4302.12,4302.52
2025-12-12 18:16:52.918789,4302.04,4302.44
2025-12-12 18:16:53.132865,4301.78,4302.31
2025-12-12 18:16:53.401417,4301.79,4302.19
2025-12-12 18:16:54.229516,4301.8,4302.2
2025-12-12 18:16:54.497641,4301.77,4302.17
2025-12-12 18:16:54.744268,4301.85,4302.25
2025-12-12 18:16:54.989981,4301.88,4302.28
2025-12-12 18:16:55.221917,4301.78,4302.18
2025-12-12 18:16:55.468314,4301.8,4302.2
2025-12-12 18:16:55.669285,4301.91,4302.31
2025-12-12 18:16:56.598802,4301.9,4302.3
2025-12-12 18:16:56.829837,4301.91,4302.31
2025-12-12 18:16:57.593314,4301.92,4302.32
2025-12-12 18:16:57.796693,4301.95,4302.35
2025-12-12 18:16:58.200309,4301.98,4302.38
2025-12-12 18:16:58.666876,4301.92,4302.32
2025-12-12 18:16:59.052867,4302.16,4302.56
2025-12-12 18:16:59.252353,4302.08,4302.48
2025-12-12 18:16:59.452681,4302.1,4302.5
2025-12-12 18:16:59.716352,4302.35,4302.75
2025-12-12 18:16:59.951621,4302.28,4302.68
2025-12-12 18:17:00.164828,4302.32,4302.72
2025-12-12 18:17:00.322070,4302.28,4302.68
2025-12-12 18:17:00.632657,4302.34,4302.74
2025-12-12 18:17:00.866875,4302.35,4302.75
2025-12-12 18:17:00.910664,4302.34,4302.74
2025-12-12 18:17:01.113049,4302.35,4302.75
2025-12-12 18:17:01.470767,4302.34,4302.74
2025-12-12 18:17:01.793596,4302.29,4302.69
2025-12-12 18:17:02.089370,4302.07,4302.47
2025-12-12 18:17:02.555271,4302.08,4302.48
2025-12-12 18:17:02.767508,4302.11,4302.51
2025-12-12 18:17:03.035584,4302.12,4302.52
2025-12-12 18:17:03.251733,4302.11,4302.51
2025-12-12 18:17:03.511862,4301.97,4302.37
2025-12-12 18:17:03.905264,4301.94,4302.34
2025-12-12 18:17:04.139790,4301.98,4302.38
2025-12-12 18:17:04.646805,4301.88,4302.28
2025-12-12 18:17:04.876590,4301.89,4302.29
2025-12-12 18:17:05.687812,4301.91,4302.31
2025-12-12 18:17:05.947616,4301.74,4302.31
2025-12-12 18:17:06.196203,4301.86,4302.26
2025-12-12 18:17:06.461644,4301.84,4302.24
2025-12-12 18:17:06.535720,4301.76,4302.16
2025-12-12 18:17:06.920013,4301.8,4302.2
2025-12-12 18:17:07.215528,4301.76,4302.16
2025-12-12 18:17:07.309032,4301.75,4302.15
2025-12-12 18:17:07.802536,4301.39,4301.89
2025-12-12 18:17:08.022394,4301.41,4301.81
2025-12-12 18:17:08.347257,4301.44,4301.84
2025-12-12 18:17:08.533611,4301.45,4301.85
2025-12-12 18:17:08.794506,4301.48,4301.88
2025-12-12 18:17:09.055476,4301.42,4301.82
2025-12-12 18:17:09.301757,4301.34,4301.74
2025-12-12 18:17:09.409784,4301.35,4301.75
2025-12-12 18:17:09.836295,4301.36,4301.76
2025-12-12 18:17:09.974865,4301.34,4301.74
2025-12-12 18:17:10.255441,4300.99,4301.39
2025-12-12 18:17:10.544059,4301.02,4301.42
2025-12-12 18:17:10.887501,4301.03,4301.43
2025-12-12 18:17:11.055900,4301.05,4301.45
2025-12-12 18:17:11.101812,4301.06,4301.46
2025-12-12 18:17:11.387160,4301.05,4301.45
2025-12-12 18:17:11.616168,4301.06,4301.46
2025-12-12 18:17:11.816256,4301.14,4301.54
2025-12-12 18:17:11.942741,4301.13,4301.53
2025-12-12 18:17:12.053260,4302.09,4302.49
2025-12-12 18:17:12.312900,4302.05,4302.45
2025-12-12 18:17:12.664720,4302.06,4302.46
2025-12-12 18:17:12.900577,4302.11,4302.51
2025-12-12 18:17:13.166899,4302.05,4302.45
2025-12-12 18:17:13.255940,4302.07,4302.47
2025-12-12 18:17:13.662347,4302.14,4302.54
2025-12-12 18:17:13.882973,4302.16,4302.56
2025-12-12 18:17:14.098186,4302.24,4302.64
2025-12-12 18:17:14.361647,4302.16,4302.56
2025-12-12 18:17:14.608668,4302.15,4302.55
2025-12-12 18:17:14.737064,4301.84,4302.24
2025-12-12 18:17:15.002686,4301.88,4302.28
2025-12-12 18:17:15.384349,4301.9,4302.3
2025-12-12 18:17:15.585878,4301.92,4302.32
2025-12-12 18:17:15.848472,4301.8,4302.2
2025-12-12 18:17:16.081597,4301.76,4302.16
2025-12-12 18:17:16.347596,4301.77,4302.17
2025-12-12 18:17:16.592517,4301.79,4302.19
2025-12-12 18:17:16.797177,4302.12,4302.52
2025-12-12 18:17:16.903879,4302.21,4302.61
2025-12-12 18:17:17.060858,4302.3,4302.7
2025-12-12 18:17:17.323914,4302.16,4302.56
2025-12-12 18:17:17.588582,4302.05,4302.45
2025-12-12 18:17:17.866784,4302.03,4302.43
2025-12-12 18:17:18.346575,4302.06,4302.46
2025-12-12 18:17:18.611838,4302.08,4302.48
2025-12-12 18:17:19.045326,4302.13,4302.53
2025-12-12 18:17:19.295104,4301.98,4302.38
2025-12-12 18:17:19.512888,4302.04,4302.44
2025-12-12 18:17:19.940692,4302.05,4302.45
2025-12-12 18:17:20.206478,4302.06,4302.46
2025-12-12 18:17:20.654163,4301.98,4302.38
2025-12-12 18:17:21.088603,4302.07,4302.47
2025-12-12 18:17:21.354130,4301.97,4302.37
2025-12-12 18:17:21.561785,4302.08,4302.48
2025-12-12 18:17:21.910694,4302.06,4302.46
2025-12-12 18:17:22.128245,4301.63,4302.03
2025-12-12 18:17:22.673979,4301.62,4302.02
2025-12-12 18:17:23.044494,4301.63,4302.03
2025-12-12 18:17:23.169443,4301.7,4302.1
2025-12-12 18:17:23.418673,4301.98,4302.38
2025-12-12 18:17:23.745356,4301.92,4302.32
2025-12-12 18:17:24.216236,4301.93,4302.33
2025-12-12 18:17:24.463303,4301.69,4302.09
2025-12-12 18:17:24.744270,4301.49,4301.89
2025-12-12 18:17:24.963170,4301.64,4302.04
2025-12-12 18:17:25.461469,4301.65,4302.05
2025-12-12 18:17:25.895274,4301.66,4302.06
2025-12-12 18:17:26.188551,4301.71,4302.26
2025-12-12 18:17:26.468795,4301.69,4302.09
2025-12-12 18:17:26.684458,4301.81,4302.21
2025-12-12 18:17:27.011553,4301.9,4302.3
2025-12-12 18:17:27.227115,4302.1,4302.5
2025-12-12 18:17:27.459810,4302.06,4302.46
2025-12-12 18:17:28.016840,4302.02,4302.42
2025-12-12 18:17:28.187188,4302.08,4302.48
2025-12-12 18:17:28.724819,4302.05,4302.45
2025-12-12 18:17:28.946851,4302.09,4302.49
2025-12-12 18:17:29.240675,4302.27,4302.67
2025-12-12 18:17:29.471223,4302.25,4302.65
2025-12-12 18:17:29.733256,4302.26,4302.66
2025-12-12 18:17:29.884898,4302.33,4302.73
2025-12-12 18:17:29.978402,4302.26,4302.66
2025-12-12 18:17:30.151587,4302.27,4302.67
2025-12-12 18:17:30.396423,4302.28,4302.68
2025-12-12 18:17:30.678892,4302.27,4302.67
2025-12-12 18:17:31.896921,4302.2,4302.6
2025-12-12 18:17:32.098545,4302.18,4302.58
2025-12-12 18:17:32.358839,4302.29,4302.69
2025-12-12 18:17:32.449206,4302.2,4302.6
2025-12-12 18:17:32.852336,4302.21,4302.61
2025-12-12 18:17:33.195360,4301.92,4302.32
2025-12-12 18:17:33.429381,4302.03,4302.43
2025-12-12 18:17:33.703622,4301.98,4302.38
2025-12-12 18:17:33.796363,4302.0,4302.4
2025-12-12 18:17:33.934011,4302.01,4302.41
2025-12-12 18:17:34.152437,4302.16,4302.56
2025-12-12 18:17:34.665178,4302.04,4302.44
2025-12-12 18:17:35.596813,4301.69,4302.09
2025-12-12 18:17:35.827086,4301.66,4302.06
2025-12-12 18:17:36.105554,4301.51,4301.91
2025-12-12 18:17:36.600356,4301.44,4301.84
2025-12-12 18:17:36.846697,4301.45,4301.85
2025-12-12 18:17:37.078251,4301.3,4301.7
2025-12-12 18:17:37.277416,4301.29,4301.69
2025-12-12 18:17:37.499082,4301.32,4301.72
2025-12-12 18:17:37.702588,4301.61,4302.01
2025-12-12 18:17:38.020043,4301.71,4302.11
2025-12-12 18:17:38.286799,4301.77,4302.17
2025-12-12 18:17:38.626821,4301.78,4302.18
2025-12-12 18:17:38.845899,4301.81,4302.21
2025-12-12 18:17:39.031302,4301.63,4302.03
2025-12-12 18:17:39.311500,4301.56,4301.96
2025-12-12 18:17:39.576434,4301.6,4302.0
2025-12-12 18:17:39.834609,4301.56,4301.96
2025-12-12 18:17:40.089902,4301.61,4302.01
2025-12-12 18:17:40.279939,4301.91,4302.31
2025-12-12 18:17:40.540191,4301.83,4302.23
2025-12-12 18:17:40.771810,4301.93,4302.33
2025-12-12 18:17:41.410399,4301.92,4302.32
2025-12-12 18:17:41.592502,4302.18,4302.58
2025-12-12 18:17:41.779583,4302.13,4302.53
2025-12-12 18:17:42.338343,4301.94,4302.34
2025-12-12 18:17:42.758042,4302.02,4302.42
2025-12-12 18:17:42.938486,4302.0,4302.4
2025-12-12 18:17:43.185634,4302.09,4302.49
2025-12-12 18:17:43.420799,4301.92,4302.32
2025-12-12 18:17:43.579692,4301.9,4302.3
2025-12-12 18:17:44.286426,4301.92,4302.32
2025-12-12 18:17:44.533466,4301.91,4302.31
2025-12-12 18:17:44.733220,4301.87,4302.27
2025-12-12 18:17:45.147847,4301.92,4302.32
2025-12-12 18:17:45.890685,4301.85,4302.25
2025-12-12 18:17:46.077802,4301.84,4302.24
2025-12-12 18:17:46.460506,4301.67,4302.07
2025-12-12 18:17:46.959731,4301.65,4302.05
2025-12-12 18:17:47.185543,4301.68,4302.08
2025-12-12 18:17:47.876089,4301.8,4302.2
2025-12-12 18:17:48.167683,4301.84,4302.24
2025-12-12 18:17:48.661663,4301.88,4302.28
2025-12-12 18:17:48.973530,4301.82,4302.22
2025-12-12 18:17:49.418350,4301.89,4302.29
2025-12-12 18:17:49.638467,4301.99,4302.39
2025-12-12 18:17:49.792434,4302.01,4302.41
2025-12-12 18:17:50.149828,4302.2,4302.6
2025-12-12 18:17:50.397951,4302.1,4302.5
2025-12-12 18:17:50.598038,4302.19,4302.59
2025-12-12 18:17:51.032784,4302.22,4302.62
2025-12-12 18:17:51.114735,4302.11,4302.51
2025-12-12 18:17:51.359362,4301.88,4302.28
2025-12-12 18:17:51.852363,4301.82,4302.22
2025-12-12 18:17:52.134774,4301.64,4302.04
2025-12-12 18:17:52.506318,4301.86,4302.26
2025-12-12 18:17:53.402894,4301.68,4302.08
2025-12-12 18:17:53.592796,4301.71,4302.11
2025-12-12 18:17:54.272483,4301.76,4302.16
2025-12-12 18:17:54.476564,4301.73,4302.13
2025-12-12 18:17:54.850791,4301.71,4302.11
2025-12-12 18:17:55.172120,4301.59,4301.99
2025-12-12 18:17:55.310505,4301.44,4301.84
2025-12-12 18:17:55.623599,4301.45,4301.85
2025-12-12 18:17:55.806341,4301.51,4301.91
2025-12-12 18:17:55.837181,4301.66,4302.06
2025-12-12 18:17:56.101430,4301.61,4302.01
2025-12-12 18:17:56.783435,4301.53,4301.93
2025-12-12 18:17:57.066650,4301.38,4301.78
2025-12-12 18:17:57.295439,4301.45,4301.85
2025-12-12 18:17:57.462217,4301.04,4301.44
2025-12-12 18:17:57.510466,4301.03,4301.43
2025-12-12 18:17:57.989823,4301.0,4301.4
2025-12-12 18:17:58.486011,4301.05,4301.45
2025-12-12 18:17:58.747750,4300.92,4301.32
2025-12-12 18:17:59.246743,4300.99,4301.39
2025-12-12 18:17:59.442960,4301.02,4301.42
2025-12-12 18:17:59.806187,4301.09,4301.49
2025-12-12 18:17:59.860126,4301.58,4301.98
2025-12-12 18:18:00.036322,4301.62,4302.02
2025-12-12 18:18:00.206978,4301.65,4302.05
2025-12-12 18:18:00.423379,4301.77,4302.17
2025-12-12 18:18:00.703853,4301.83,4302.23
2025-12-12 18:18:00.875328,4301.79,4302.19
2025-12-12 18:18:01.072036,4301.89,4302.29
2025-12-12 18:18:01.246101,4302.12,4302.52
2025-12-12 18:18:01.453669,4302.13,4302.53
2025-12-12 18:18:01.627166,4302.15,4302.55
2025-12-12 18:18:01.705153,4302.1,4302.5
2025-12-12 18:18:02.030580,4302.34,4302.74
2025-12-12 18:18:02.430110,4302.14,4302.54
2025-12-12 18:18:02.645318,4302.12,4302.52
2025-12-12 18:18:02.910899,4302.21,4302.61
2025-12-12 18:18:03.205284,4302.2,4302.6
2025-12-12 18:18:03.483600,4302.18,4302.58
2025-12-12 18:18:03.699106,4302.2,4302.6
2025-12-12 18:18:03.885467,4302.09,4302.49
2025-12-12 18:18:04.146492,4302.05,4302.45
2025-12-12 18:18:04.419152,4302.06,4302.46
2025-12-12 18:18:04.590953,4301.94,4302.34
2025-12-12 18:18:04.855477,4301.95,4302.35
2025-12-12 18:18:05.153149,4302.0,4302.4
2025-12-12 18:18:05.511741,4301.98,4302.38
2025-12-12 18:18:05.600178,4301.99,4302.39
2025-12-12 18:18:05.831519,4301.91,4302.31
2025-12-12 18:18:06.481458,4301.86,4302.26
2025-12-12 18:18:06.687878,4301.66,4302.06
2025-12-12 18:18:06.922383,4301.68,4302.08
2025-12-12 18:18:07.185861,4301.74,4302.14
2025-12-12 18:18:07.680866,4301.92,4302.32
2025-12-12 18:18:07.884810,4301.77,4302.17
2025-12-12 18:18:08.176606,4301.74,4302.14
2025-12-12 18:18:08.632139,4301.73,4302.13
2025-12-12 18:18:08.829250,4301.36,4301.76
2025-12-12 18:18:09.129215,4301.61,4302.01
2025-12-12 18:18:09.377356,4301.59,4301.99
2025-12-12 18:18:09.859102,4301.64,4302.04
2025-12-12 18:18:10.014597,4301.63,4302.03
2025-12-12 18:18:10.343937,4301.58,4301.98
2025-12-12 18:18:10.546863,4301.57,4301.97
2025-12-12 18:18:10.777988,4301.56,4301.96
2025-12-12 18:18:11.007609,4301.36,4301.76
2025-12-12 18:18:11.224385,4301.25,4301.65
2025-12-12 18:18:11.457164,4301.13,4301.53
2025-12-12 18:18:12.001317,4301.2,4301.6
2025-12-12 18:18:12.232797,4301.19,4301.59
2025-12-12 18:18:12.479328,4301.17,4301.57
2025-12-12 18:18:12.743605,4301.02,4301.42
2025-12-12 18:18:13.229955,4300.98,4301.38
2025-12-12 18:18:13.628202,4300.89,4301.29
2025-12-12 18:18:13.783714,4300.88,4301.28
2025-12-12 18:18:14.305791,4300.87,4301.27
2025-12-12 18:18:14.488840,4300.85,4301.25
2025-12-12 18:18:14.757193,4301.04,4301.44
2025-12-12 18:18:15.001667,4301.07,4301.47
2025-12-12 18:18:15.216834,4301.14,4301.54
2025-12-12 18:18:15.709557,4301.23,4301.63
2025-12-12 18:18:15.803108,4301.35,4301.75
2025-12-12 18:18:16.207850,4301.31,4301.71
2025-12-12 18:18:16.903947,4301.49,4301.89
2025-12-12 18:18:16.999070,4301.53,4301.93
2025-12-12 18:18:17.163992,4301.6,4302.0
2025-12-12 18:18:17.255254,4301.81,4302.21
2025-12-12 18:18:17.461356,4301.65,4302.05
2025-12-12 18:18:17.708583,4301.55,4301.95
2025-12-12 18:18:18.003240,4301.52,4301.92
2025-12-12 18:18:18.208561,4301.47,4301.87
2025-12-12 18:18:18.249646,4301.41,4301.81
2025-12-12 18:18:18.468202,4301.32,4301.72
2025-12-12 18:18:18.857276,4301.39,4301.79
2025-12-12 18:18:19.267737,4301.58,4301.98
2025-12-12 18:18:19.727919,4301.62,4302.02
2025-12-12 18:18:19.872013,4301.7,4302.1
2025-12-12 18:18:20.645261,4301.77,4302.17
2025-12-12 18:18:21.060975,4301.75,4302.15
2025-12-12 18:18:21.171015,4301.71,4302.11
2025-12-12 18:18:21.323250,4301.78,4302.18
2025-12-12 18:18:21.538628,4301.76,4302.16
2025-12-12 18:18:21.759371,4301.74,4302.14
2025-12-12 18:18:22.067270,4301.71,4302.11
2025-12-12 18:18:22.112183,4301.73,4302.13
2025-12-12 18:18:22.352381,4301.65,4302.05
2025-12-12 18:18:22.586628,4301.69,4302.09
2025-12-12 18:18:22.859239,4301.68,4302.08
2025-12-12 18:18:23.575756,4301.66,4302.06
2025-12-12 18:18:23.805578,4301.72,4302.12
2025-12-12 18:18:24.023388,4301.82,4302.22
2025-12-12 18:18:24.445739,4301.74,4302.14
2025-12-12 18:18:24.659623,4301.71,4302.11
2025-12-12 18:18:24.878385,4301.61,4302.01
2025-12-12 18:18:25.130719,4301.68,4302.08
2025-12-12 18:18:25.332298,4301.77,4302.17
2025-12-12 18:18:25.644850,4301.72,4302.12
2025-12-12 18:18:25.958662,4301.76,4302.16
2025-12-12 18:18:26.421470,4301.81,4302.21
2025-12-12 18:18:26.652351,4301.77,4302.17
2025-12-12 18:18:26.855335,4301.79,4302.19
2025-12-12 18:18:27.147449,4301.83,4302.23
2025-12-12 18:18:27.378493,4301.96,4302.36
2025-12-12 18:18:27.503185,4302.21,4302.61
2025-12-12 18:18:27.828637,4302.24,4302.64
2025-12-12 18:18:28.073622,4302.23,4302.63
2025-12-12 18:18:28.525401,4302.18,4302.58
2025-12-12 18:18:28.726186,4302.08,4302.48
2025-12-12 18:18:28.927980,4302.02,4302.42
2025-12-12 18:18:29.278497,4302.03,4302.43
2025-12-12 18:18:29.682673,4302.04,4302.44
2025-12-12 18:18:29.941168,4302.16,4302.56
2025-12-12 18:18:30.686320,4302.14,4302.54
2025-12-12 18:18:30.948249,4302.16,4302.56
2025-12-12 18:18:31.148671,4302.21,4302.61
2025-12-12 18:18:31.261734,4302.3,4302.7
2025-12-12 18:18:31.429418,4302.32,4302.72
2025-12-12 18:18:32.002521,4302.3,4302.7
2025-12-12 18:18:32.248258,4302.23,4302.63
2025-12-12 18:18:32.903808,4302.24,4302.64
2025-12-12 18:18:33.219195,4302.23,4302.63
2025-12-12 18:18:33.708000,4302.3,4302.7
2025-12-12 18:18:34.034509,4302.2,4302.6
2025-12-12 18:18:34.485617,4302.17,4302.57
2025-12-12 18:18:34.689826,4302.18,4302.58
2025-12-12 18:18:34.782634,4302.17,4302.57
2025-12-12 18:18:35.482559,4302.21,4302.61
2025-12-12 18:18:35.698517,4302.29,4302.69
2025-12-12 18:18:35.997723,4302.31,4302.71
2025-12-12 18:18:36.295247,4302.35,4302.75
2025-12-12 18:18:36.668126,4302.31,4302.71
2025-12-12 18:18:36.961601,4302.35,4302.75
2025-12-12 18:18:37.225616,4302.36,4302.76
2025-12-12 18:18:37.382566,4302.35,4302.75
2025-12-12 18:18:37.703166,4302.21,4302.61
2025-12-12 18:18:38.260403,4302.22,4302.62
2025-12-12 18:18:38.463014,4302.25,4302.65
2025-12-12 18:18:38.721740,4302.24,4302.64
2025-12-12 18:18:38.986927,4302.23,4302.63
2025-12-12 18:18:39.715788,4302.17,4302.57
2025-12-12 18:18:40.183849,4302.2,4302.6
2025-12-12 18:18:40.399420,4302.15,4302.55
2025-12-12 18:18:40.594980,4302.1,4302.5
2025-12-12 18:18:40.857691,4302.12,4302.52
2025-12-12 18:18:41.294718,4302.13,4302.53
2025-12-12 18:18:41.512045,4302.2,4302.6
2025-12-12 18:18:41.833259,4302.45,4302.78
2025-12-12 18:18:42.051850,4302.88,4303.28
2025-12-12 18:18:42.528604,4302.89,4303.29
2025-12-12 18:18:42.761427,4302.88,4303.28
2025-12-12 18:18:43.193359,4302.72,4303.12
2025-12-12 18:18:43.442611,4302.84,4303.24
2025-12-12 18:18:43.642873,4302.85,4303.25
2025-12-12 18:18:44.184673,4302.73,4303.13
2025-12-12 18:18:44.400153,4302.76,4303.16
2025-12-12 18:18:44.615148,4302.71,4303.11
2025-12-12 18:18:45.192938,4302.7,4303.1
2025-12-12 18:18:45.472041,4302.68,4303.08
2025-12-12 18:18:45.739731,4302.72,4303.12
2025-12-12 18:18:45.989481,4302.69,4303.09
2025-12-12 18:18:46.129960,4302.65,4303.05
2025-12-12 18:18:46.469712,4302.66,4303.06
2025-12-12 18:18:47.061363,4302.69,4303.09
2025-12-12 18:18:47.356512,4302.71,4303.11
2025-12-12 18:18:47.588898,4302.66,4303.06
2025-12-12 18:18:47.914117,4302.86,4303.26
2025-12-12 18:18:48.143570,4302.87,4303.27
2025-12-12 18:18:48.439847,4302.88,4303.28
2025-12-12 18:18:48.700338,4302.89,4303.29
2025-12-12 18:18:49.260987,4302.83,4303.23
2025-12-12 18:18:49.818632,4302.9,4303.3
2025-12-12 18:18:50.092435,4302.89,4303.29
2025-12-12 18:18:50.589812,4302.9,4303.3
2025-12-12 18:18:51.069811,4302.9,4303.52
2025-12-12 18:18:51.955206,4302.89,4303.29
2025-12-12 18:18:52.171265,4302.79,4303.19
2025-12-12 18:18:52.418540,4302.82,4303.22
2025-12-12 18:18:52.803508,4302.78,4303.18
2025-12-12 18:18:52.960555,4302.83,4303.23
2025-12-12 18:18:53.114222,4302.89,4303.29
2025-12-12 18:18:53.405630,4302.92,4303.32
2025-12-12 18:18:53.763291,4302.89,4303.29
2025-12-12 18:18:54.013289,4302.78,4303.18
2025-12-12 18:18:54.323051,4302.8,4303.2
2025-12-12 18:18:54.553643,4302.81,4303.21
