timestamp,bid,ask
2025-12-12 18:07:12.751231,57.61,57.65
2025-12-12 18:07:13.202592,57.63,57.66
2025-12-12 18:07:14.893790,57.63,57.68
2025-12-12 18:07:15.153110,57.62,57.65
2025-12-12 18:07:26.048969,57.61,57.66
2025-12-12 18:07:27.173073,57.64,57.67
2025-12-12 18:07:31.800975,57.64,57.69
2025-12-12 18:07:50.195385,57.62,57.66
2025-12-12 18:07:51.732520,57.64,57.67
2025-12-12 18:07:52.554024,57.64,57.68
2025-12-12 18:07:59.912096,57.65,57.69
2025-12-12 18:08:06.946851,57.66,57.71
2025-12-12 18:08:07.207931,57.67,57.7
2025-12-12 18:08:10.915517,57.66,57.71
2025-12-12 18:08:12.033935,57.66,57.69
2025-12-12 18:08:14.705568,57.63,57.66
2025-12-12 18:08:20.142277,57.62,57.67
2025-12-12 18:08:20.929854,57.65,57.69
2025-12-12 18:08:21.397535,57.62,57.66
2025-12-12 18:08:25.633444,57.64,57.69
2025-12-12 18:08:35.014724,57.65,57.68
2025-12-12 18:08:44.796725,57.65,57.7
2025-12-12 18:08:48.540330,57.66,57.7
2025-12-12 18:08:50.596093,57.65,57.7
2025-12-12 18:08:50.888316,57.64,57.69
2025-12-12 18:08:56.272107,57.63,57.68
2025-12-12 18:08:58.355117,57.65,57.69
2025-12-12 18:08:58.730977,57.63,57.68
2025-12-12 18:08:59.441768,57.63,57.67
2025-12-12 18:09:05.751905,57.63,57.66
2025-12-12 18:09:14.586455,57.62,57.67
2025-12-12 18:09:15.464441,57.65,57.68
2025-12-12 18:09:16.027245,57.62,57.67
2025-12-12 18:09:16.693427,57.63,57.66
2025-12-12 18:09:16.988432,57.64,57.69
2025-12-12 18:09:22.473606,57.63,57.67
2025-12-12 18:09:23.189974,57.64,57.69
2025-12-12 18:09:23.663157,57.65,57.69
2025-12-12 18:09:25.132097,57.64,57.69
2025-12-12 18:09:26.939833,57.65,57.69
2025-12-12 18:09:31.891590,57.62,57.67
2025-12-12 18:09:33.344305,57.65,57.69
2025-12-12 18:09:46.916225,57.61,57.66
2025-12-12 18:09:49.815771,57.63,57.66
2025-12-12 18:09:54.049873,57.63,57.68
2025-12-12 18:09:58.359259,57.63,57.67
2025-12-12 18:09:59.718250,57.6,57.63
2025-12-12 18:10:00.492217,57.62,57.67
2025-12-12 18:10:03.920076,57.6,57.63
2025-12-12 18:10:05.134366,57.62,57.67
2025-12-12 18:10:05.793238,57.6,57.64
2025-12-12 18:10:07.468577,57.62,57.67
2025-12-12 18:10:09.414775,57.62,57.66
2025-12-12 18:10:24.210510,57.62,57.67
2025-12-12 18:10:26.327170,57.62,57.66
2025-12-12 18:10:26.557564,57.6,57.65
2025-12-12 18:10:29.317613,57.63,57.67
2025-12-12 18:10:30.915273,57.6,57.65
2025-12-12 18:10:33.825806,57.63,57.67
2025-12-12 18:10:53.517622,57.6,57.64
2025-12-12 18:11:03.376436,57.59,57.64
2025-12-12 18:11:03.991345,57.6,57.65
2025-12-12 18:11:04.985776,57.6,57.64
2025-12-12 18:11:05.557886,57.61,57.65
2025-12-12 18:11:06.223007,57.6,57.65
2025-12-12 18:11:07.032763,57.58,57.62
2025-12-12 18:11:07.247792,57.58,57.63
2025-12-12 18:11:11.018899,57.59,57.62
2025-12-12 18:11:11.469327,57.58,57.62
2025-12-12 18:11:14.929224,57.61,57.66
2025-12-12 18:11:17.813443,57.61,57.64
2025-12-12 18:11:21.409169,57.6,57.64
2025-12-12 18:11:29.803687,57.59,57.63
2025-12-12 18:11:35.811063,57.6,57.65
2025-12-12 18:11:50.433649,57.61,57.65
2025-12-12 18:11:54.510518,57.58,57.63
2025-12-12 18:11:59.843994,57.59,57.62
2025-12-12 18:12:00.066006,57.59,57.63
2025-12-12 18:12:00.667481,57.62,57.66
2025-12-12 18:12:01.256238,57.61,57.64
2025-12-12 18:12:01.347822,57.61,57.65
2025-12-12 18:12:02.138417,57.6,57.65
2025-12-12 18:12:02.349236,57.6,57.64
2025-12-12 18:12:02.833921,57.62,57.66
2025-12-12 18:12:03.192477,57.62,57.67
2025-12-12 18:12:03.500543,57.6,57.64
2025-12-12 18:12:03.979062,57.6,57.65
2025-12-12 18:12:04.630084,57.62,57.67
2025-12-12 18:12:05.943611,57.6,57.64
2025-12-12 18:12:06.907650,57.61,57.65
2025-12-12 18:12:08.075251,57.59,57.64
2025-12-12 18:12:11.351167,57.6,57.65
2025-12-12 18:12:12.260674,57.62,57.67
2025-12-12 18:12:13.008452,57.61,57.64
2025-12-12 18:12:13.453305,57.62,57.67
2025-12-12 18:12:14.551106,57.63,57.67
2025-12-12 18:12:14.859431,57.6,57.64
2025-12-12 18:12:15.313040,57.62,57.66
2025-12-12 18:12:15.836097,57.6,57.64
2025-12-12 18:12:16.350986,57.62,57.66
2025-12-12 18:12:16.689904,57.63,57.67
2025-12-12 18:12:17.072443,57.61,57.64
2025-12-12 18:12:17.402662,57.6,57.64
2025-12-12 18:12:17.801183,57.63,57.66
2025-12-12 18:12:18.629879,57.63,57.67
2025-12-12 18:12:21.401058,57.61,57.64
2025-12-12 18:12:26.725818,57.62,57.66
2025-12-12 18:12:29.200332,57.63,57.67
2025-12-12 18:12:29.419485,57.62,57.66
2025-12-12 18:12:29.668231,57.6,57.64
2025-12-12 18:12:29.935063,57.62,57.66
2025-12-12 18:12:30.390798,57.6,57.63
2025-12-12 18:12:31.267341,57.62,57.66
2025-12-12 18:12:31.732191,57.6,57.64
2025-12-12 18:12:33.350215,57.63,57.67
2025-12-12 18:12:34.518404,57.62,57.67
2025-12-12 18:12:34.959441,57.6,57.64
2025-12-12 18:12:35.395395,57.6,57.65
2025-12-12 18:12:35.890000,57.62,57.66
2025-12-12 18:12:37.211859,57.6,57.64
2025-12-12 18:12:37.834279,57.63,57.66
2025-12-12 18:12:40.555459,57.62,57.65
2025-12-12 18:12:42.415407,57.6,57.64
2025-12-12 18:12:49.168001,57.6,57.65
2025-12-12 18:12:51.617855,57.6,57.63
2025-12-12 18:12:52.259045,57.6,57.65
2025-12-12 18:12:52.542721,57.62,57.66
2025-12-12 18:12:56.260000,57.59,57.64
2025-12-12 18:12:59.576933,57.62,57.65
2025-12-12 18:12:59.945239,57.61,57.65
2025-12-12 18:13:01.166150,57.62,57.65
2025-12-12 18:13:01.581493,57.59,57.63
2025-12-12 18:13:02.060226,57.61,57.64
2025-12-12 18:13:14.160294,57.59,57.63
2025-12-12 18:13:29.927658,57.61,57.65
2025-12-12 18:13:32.037978,57.6,57.64
2025-12-12 18:13:32.457897,57.59,57.62
2025-12-12 18:13:37.300903,57.59,57.64
2025-12-12 18:13:37.410324,57.59,57.63
2025-12-12 18:13:39.149354,57.62,57.65
2025-12-12 18:13:40.950303,57.59,57.63
2025-12-12 18:13:42.485810,57.62,57.66
2025-12-12 18:13:49.145223,57.61,57.65
2025-12-12 18:13:50.681898,57.62,57.65
2025-12-12 18:14:00.028465,57.6,57.64
2025-12-12 18:14:00.259799,57.62,57.67
2025-12-12 18:14:00.753766,57.62,57.66
2025-12-12 18:14:00.989653,57.6,57.65
2025-12-12 18:14:02.032963,57.62,57.66
2025-12-12 18:14:02.697314,57.62,57.67
2025-12-12 18:14:02.992574,57.63,57.66
2025-12-12 18:14:03.610873,57.62,57.66
2025-12-12 18:14:10.446918,57.61,57.65
2025-12-12 18:14:42.905317,57.59,57.62
2025-12-12 18:14:59.384225,57.61,57.66
2025-12-12 18:14:59.631054,57.62,57.66
2025-12-12 18:15:08.288435,57.62,57.67
2025-12-12 18:15:17.594564,57.6,57.64
2025-12-12 18:15:24.735629,57.63,57.66
2025-12-12 18:15:31.164965,57.63,57.67
2025-12-12 18:15:33.413536,57.61,57.65
2025-12-12 18:15:37.029242,57.6,57.64
2025-12-12 18:15:39.185482,57.59,57.63
2025-12-12 18:15:45.469539,57.62,57.66
2025-12-12 18:15:46.350162,57.62,57.65
2025-12-12 18:15:47.881374,57.62,57.67
2025-12-12 18:15:55.606840,57.6,57.63
2025-12-12 18:15:59.638716,57.61,57.65
2025-12-12 18:16:05.866497,57.62,57.66
2025-12-12 18:16:06.487167,57.63,57.66
2025-12-12 18:16:07.464275,57.61,57.64
2025-12-12 18:16:11.144448,57.62,57.67
2025-12-12 18:16:11.990513,57.6,57.63
2025-12-12 18:16:13.744340,57.6,57.64
2025-12-12 18:16:16.441639,57.6,57.65
2025-12-12 18:16:17.216461,57.62,57.65
2025-12-12 18:16:17.466675,57.6,57.64
2025-12-12 18:16:21.140217,57.61,57.64
2025-12-12 18:16:28.811520,57.61,57.65
2025-12-12 18:16:44.755457,57.6,57.65
2025-12-12 18:16:49.383538,57.63,57.67
2025-12-12 18:16:58.664505,57.6,57.64
2025-12-12 18:16:59.051229,57.63,57.67
2025-12-12 18:17:01.792493,57.62,57.66
2025-12-12 18:17:05.687302,57.61,57.65
2025-12-12 18:17:06.461138,57.62,57.67
2025-12-12 18:17:07.214450,57.61,57.65
2025-12-12 18:17:08.346207,57.61,57.64
2025-12-12 18:17:09.713381,57.62,57.67
2025-12-12 18:17:11.053622,57.63,57.66
2025-12-12 18:17:13.165744,57.6,57.65
2025-12-12 18:17:16.795358,57.61,57.64
2025-12-12 18:17:23.742796,57.63,57.67
2025-12-12 18:17:47.875053,57.6,57.64
2025-12-12 18:17:48.385303,57.62,57.66
2025-12-12 18:17:52.505013,57.63,57.68
2025-12-12 18:18:01.244995,57.63,57.67
2025-12-12 18:18:01.624868,57.61,57.66
2025-12-12 18:18:06.607377,57.62,57.66
2025-12-12 18:18:06.921341,57.6,57.65
2025-12-12 18:18:11.253483,57.6,57.64
2025-12-12 18:18:14.058075,57.62,57.67
2025-12-12 18:18:14.756633,57.63,57.67
2025-12-12 18:18:16.998540,57.62,57.67
2025-12-12 18:18:17.253667,57.61,57.65
2025-12-12 18:18:18.465939,57.62,57.66
2025-12-12 18:18:19.266097,57.61,57.65
2025-12-12 18:18:20.042228,57.6,57.65
2025-12-12 18:18:20.534088,57.61,57.65
2025-12-12 18:18:25.957045,57.63,57.68
2025-12-12 18:18:37.225037,57.64,57.68
2025-12-12 18:18:52.958955,57.61,57.65
2025-12-12 18:18:53.762258,57.62,57.66
2025-12-12 18:18:54.320697,57.62,57.67
2025-12-12 18:18:54.553116,57.61,57.65
2025-12-12 18:18:55.060799,57.62,57.66
2025-12-12 18:18:55.695768,57.63,57.67
2025-12-12 18:19:34.003172,57.63,57.66
2025-12-12 18:19:45.035891,57.62,57.67
2025-12-12 18:19:48.181596,57.61,57.65
2025-12-12 18:19:52.989052,57.62,57.67
2025-12-12 18:19:53.236603,57.62,57.66
2025-12-12 18:19:53.467190,57.62,57.67
2025-12-12 18:19:59.732629,57.6,57.64
2025-12-12 18:20:06.066176,57.62,57.67
2025-12-12 18:20:06.395410,57.63,57.67
2025-12-12 18:20:06.595371,57.62,57.65
2025-12-12 18:20:17.751083,57.61,57.66
2025-12-12 18:20:19.743346,57.59,57.62
2025-12-12 18:20:28.962567,57.61,57.65
2025-12-12 18:20:33.666925,57.62,57.67
2025-12-12 18:20:41.937027,57.63,57.67
2025-12-12 18:20:42.412943,57.6,57.64
2025-12-12 18:20:42.878705,57.61,57.65
2025-12-12 18:20:47.952648,57.6,57.65
2025-12-12 18:20:48.140960,57.6,57.63
2025-12-12 18:20:50.224905,57.62,57.67
2025-12-12 18:20:53.225997,57.62,57.66
2025-12-12 18:20:59.808862,57.59,57.63
2025-12-12 18:21:03.994252,57.62,57.65
2025-12-12 18:21:04.767058,57.61,57.65
2025-12-12 18:21:05.879005,57.6,57.63
2025-12-12 18:21:08.671984,57.59,57.64
2025-12-12 18:21:08.982100,57.6,57.64
2025-12-12 18:21:24.491839,57.61,57.66
2025-12-12 18:21:30.320993,57.61,57.65
2025-12-12 18:21:32.413052,57.62,57.65
2025-12-12 18:21:33.577973,57.61,57.65
2025-12-12 18:21:34.961892,57.6,57.63
2025-12-12 18:21:35.351879,57.62,57.65
2025-12-12 18:21:40.151632,57.61,57.65
2025-12-12 18:21:43.106030,57.6,57.64
2025-12-12 18:21:47.346645,57.59,57.63
2025-12-12 18:21:49.927655,57.62,57.65
2025-12-12 18:21:52.511820,57.59,57.64
2025-12-12 18:21:57.195146,57.58,57.63
2025-12-12 18:21:57.410127,57.6,57.63
2025-12-12 18:22:03.401283,57.58,57.62
2025-12-12 18:22:07.380109,57.59,57.64
2025-12-12 18:22:17.983876,57.6,57.65
2025-12-12 18:22:19.800801,57.6,57.63
2025-12-12 18:22:20.371305,57.6,57.64
2025-12-12 18:22:49.803931,57.6,57.63
2025-12-12 18:22:50.500322,57.61,57.64
2025-12-12 18:22:50.609730,57.6,57.64
2025-12-12 18:22:51.558120,57.58,57.61
2025-12-12 18:23:06.558329,57.59,57.64
2025-12-12 18:23:13.177517,57.58,57.62
2025-12-12 18:23:13.858941,57.59,57.64
2025-12-12 18:23:14.657561,57.58,57.62
2025-12-12 18:23:14.908998,57.57,57.62
2025-12-12 18:23:15.851996,57.6,57.64
2025-12-12 18:23:20.306539,57.59,57.64
2025-12-12 18:23:20.677574,57.57,57.61
2025-12-12 18:23:21.481782,57.59,57.63
2025-12-12 18:23:22.738880,57.59,57.62
2025-12-12 18:23:23.005676,57.57,57.62
2025-12-12 18:23:25.078761,57.6,57.63
2025-12-12 18:23:27.659637,57.59,57.64
2025-12-12 18:23:32.598140,57.6,57.64
2025-12-12 18:23:35.307646,57.59,57.63
2025-12-12 18:23:36.272007,57.6,57.64
2025-12-12 18:23:37.311645,57.57,57.61
2025-12-12 18:23:39.234324,57.6,57.63
2025-12-12 18:23:41.676853,57.57,57.62
2025-12-12 18:23:43.148595,57.57,57.6
2025-12-12 18:23:48.833989,57.6,57.63
2025-12-12 18:23:49.329333,57.57,57.62
2025-12-12 18:23:51.132904,57.57,57.6
2025-12-12 18:24:11.360984,57.56,57.6
2025-12-12 18:24:11.639359,57.56,57.59
2025-12-12 18:24:15.327909,57.55,57.59
2025-12-12 18:24:17.370987,57.54,57.58
2025-12-12 18:24:17.674119,57.53,57.58
2025-12-12 18:24:18.346205,57.53,57.57
2025-12-12 18:24:18.934563,57.55,57.59
2025-12-12 18:24:19.231905,57.55,57.6
2025-12-12 18:24:19.480977,57.54,57.58
2025-12-12 18:24:19.745006,57.56,57.6
2025-12-12 18:24:20.173703,57.54,57.57
2025-12-12 18:24:20.649068,57.53,57.57
2025-12-12 18:24:20.901415,57.56,57.59
2025-12-12 18:24:25.557682,57.55,57.6
2025-12-12 18:24:32.361277,57.56,57.59
2025-12-12 18:24:39.804007,57.56,57.61
2025-12-12 18:24:55.807021,57.53,57.58
2025-12-12 18:25:00.512621,57.56,57.6
2025-12-12 18:25:01.790044,57.55,57.58
2025-12-12 18:25:09.511761,57.55,57.59
2025-12-12 18:25:40.393601,57.57,57.61
2025-12-12 18:25:50.954127,57.56,57.6
2025-12-12 18:25:59.864386,57.57,57.61
2025-12-12 18:26:08.637719,57.56,57.6
2025-12-12 18:26:10.971823,57.57,57.6
2025-12-12 18:26:11.558289,57.58,57.63
2025-12-12 18:26:11.900294,57.59,57.63
2025-12-12 18:26:14.827197,57.58,57.62
2025-12-12 18:26:15.063066,57.57,57.61
2025-12-12 18:26:19.556755,57.59,57.63
2025-12-12 18:26:30.063072,57.58,57.63
2025-12-12 18:26:31.981528,57.57,57.61
2025-12-12 18:26:32.677602,57.58,57.63
2025-12-12 18:26:34.418565,57.56,57.6
2025-12-12 18:26:36.029459,57.57,57.6
2025-12-12 18:26:44.956107,57.6,57.63
2025-12-12 18:26:59.236678,57.56,57.6
2025-12-12 18:26:59.659473,57.59,57.62
2025-12-12 18:26:59.799902,57.56,57.6
2025-12-12 18:27:00.198038,57.56,57.61
2025-12-12 18:27:01.439934,57.58,57.62
2025-12-12 18:27:03.358482,57.58,57.61
2025-12-12 18:27:04.378469,57.59,57.63
2025-12-12 18:27:14.198801,57.57,57.62
2025-12-12 18:27:14.434260,57.6,57.63
2025-12-12 18:27:16.345276,57.58,57.63
2025-12-12 18:27:18.793113,57.6,57.64
2025-12-12 18:27:20.569829,57.58,57.62
2025-12-12 18:27:22.834276,57.58,57.63
2025-12-12 18:27:23.813207,57.6,57.63
2025-12-12 18:27:26.066649,57.6,57.64
2025-12-12 18:27:26.875731,57.58,57.61
2025-12-12 18:27:28.783175,57.6,57.65
2025-12-12 18:27:29.542825,57.61,57.64
2025-12-12 18:27:36.492362,57.59,57.63
2025-12-12 18:27:49.661178,57.62,57.65
2025-12-12 18:27:54.133572,57.62,57.67
2025-12-12 18:27:54.672382,57.61,57.65
2025-12-12 18:27:59.783465,57.63,57.68
2025-12-12 18:28:00.895757,57.61,57.64
2025-12-12 18:28:01.144852,57.61,57.66
2025-12-12 18:28:02.317653,57.62,57.65
2025-12-12 18:28:08.688108,57.63,57.67
2025-12-12 18:28:09.863119,57.61,57.64
2025-12-12 18:28:14.272409,57.61,57.66
2025-12-12 18:28:19.544512,57.63,57.67
2025-12-12 18:28:21.013951,57.61,57.64
2025-12-12 18:28:23.159109,57.61,57.66
2025-12-12 18:28:26.480233,57.64,57.68
2025-12-12 18:28:37.501210,57.64,57.69
2025-12-12 18:28:41.557600,57.64,57.67
2025-12-12 18:28:44.345351,57.61,57.66
2025-12-12 18:28:45.695432,57.61,57.65
2025-12-12 18:28:46.775430,57.61,57.66
2025-12-12 18:28:47.925379,57.62,57.65
2025-12-12 18:28:48.999042,57.61,57.66
2025-12-12 18:28:56.983847,57.63,57.67
2025-12-12 18:28:57.647093,57.61,57.66
2025-12-12 18:28:59.543407,57.64,57.67
2025-12-12 18:29:00.107583,57.61,57.64
2025-12-12 18:29:10.957182,57.61,57.65
2025-12-12 18:29:12.364708,57.62,57.66
2025-12-12 18:29:12.860199,57.61,57.65
2025-12-12 18:29:13.726591,57.61,57.66
2025-12-12 18:29:14.470718,57.61,57.64
2025-12-12 18:29:20.250558,57.61,57.66
2025-12-12 18:29:26.253320,57.62,57.66
2025-12-12 18:29:34.969891,57.61,57.65
2025-12-12 18:29:38.560818,57.62,57.66
2025-12-12 18:29:43.245822,57.61,57.65
2025-12-12 18:29:48.883162,57.63,57.67
2025-12-12 18:29:58.035982,57.63,57.68
2025-12-12 18:29:58.917029,57.62,57.66
2025-12-12 18:29:59.389458,57.62,57.65
2025-12-12 18:29:59.782023,57.63,57.67
2025-12-12 18:30:00.013623,57.6,57.64
2025-12-12 18:30:00.262596,57.62,57.67
2025-12-12 18:30:01.186575,57.61,57.64
2025-12-12 18:30:03.477641,57.6,57.64
2025-12-12 18:30:03.971035,57.63,57.66
2025-12-12 18:30:06.437362,57.61,57.66
2025-12-12 18:30:08.233439,57.61,57.65
2025-12-12 18:30:09.614382,57.61,57.64
2025-12-12 18:30:12.282677,57.61,57.66
2025-12-12 18:30:13.997008,57.61,57.65
2025-12-12 18:30:22.079378,57.62,57.66
2025-12-12 18:30:22.315124,57.59,57.63
2025-12-12 18:30:26.215818,57.62,57.66
2025-12-12 18:30:27.249074,57.63,57.67
2025-12-12 18:30:29.237973,57.62,57.66
2025-12-12 18:30:33.498545,57.63,57.68
2025-12-12 18:30:54.337309,57.6,57.65
2025-12-12 18:30:56.138013,57.6,57.64
2025-12-12 18:30:56.568970,57.63,57.67
2025-12-12 18:30:58.214302,57.62,57.66
2025-12-12 18:30:59.620970,57.6,57.63
2025-12-12 18:31:01.729494,57.61,57.65
2025-12-12 18:31:02.688372,57.59,57.63
2025-12-12 18:31:09.699295,57.59,57.64
2025-12-12 18:31:10.823409,57.6,57.64
2025-12-12 18:31:12.184874,57.61,57.65
2025-12-12 18:31:13.406331,57.62,57.65
2025-12-12 18:31:21.662478,57.61,57.65
2025-12-12 18:31:39.929941,57.6,57.65
2025-12-12 18:31:49.480036,57.57,57.61
2025-12-12 18:31:55.876631,57.6,57.63
2025-12-12 18:31:59.701019,57.6,57.65
2025-12-12 18:32:49.271912,57.59,57.63
2025-12-12 18:32:52.309156,57.57,57.62
2025-12-12 18:32:57.262200,57.57,57.61
2025-12-12 18:32:57.721888,57.57,57.62
2025-12-12 18:32:59.782046,57.57,57.61
2025-12-12 18:33:16.158395,57.56,57.61
2025-12-12 18:33:18.792651,57.56,57.59
2025-12-12 18:33:19.086644,57.58,57.62
2025-12-12 18:33:20.992434,57.59,57.63
2025-12-12 18:33:22.044366,57.56,57.61
2025-12-12 18:33:23.053575,57.58,57.61
2025-12-12 18:33:27.671839,57.58,57.62
2025-12-12 18:33:30.745617,57.56,57.59
2025-12-12 18:33:31.472351,57.59,57.62
2025-12-12 18:33:40.488027,57.56,57.61
2025-12-12 18:33:50.934310,57.55,57.6
2025-12-12 18:33:59.780106,57.58,57.62
2025-12-12 18:34:03.579224,57.55,57.6
2025-12-12 18:34:04.553012,57.55,57.59
2025-12-12 18:34:06.976190,57.55,57.58
2025-12-12 18:34:08.300926,57.54,57.59
2025-12-12 18:34:16.138110,57.54,57.58
2025-12-12 18:34:18.900163,57.56,57.59
2025-12-12 18:34:21.702548,57.55,57.59
2025-12-12 18:34:22.262159,57.52,57.56
2025-12-12 18:34:26.227644,57.5,57.54
2025-12-12 18:34:27.394287,57.52,57.57
2025-12-12 18:34:35.592617,57.53,57.57
2025-12-12 18:34:36.206469,57.54,57.57
2025-12-12 18:34:44.290472,57.53,57.57
2025-12-12 18:34:47.212968,57.51,57.54
2025-12-12 18:35:00.595483,57.51,57.56
2025-12-12 18:35:04.260686,57.52,57.57
2025-12-12 18:35:10.595149,57.56,57.6
2025-12-12 18:35:16.746461,57.53,57.56
2025-12-12 18:35:18.371135,57.53,57.58
2025-12-12 18:35:19.555587,57.53,57.57
2025-12-12 18:35:22.753995,57.56,57.6
2025-12-12 18:35:27.991764,57.55,57.58
2025-12-12 18:35:31.869261,57.55,57.59
2025-12-12 18:35:32.315808,57.58,57.62
2025-12-12 18:35:33.286790,57.57,57.6
2025-12-12 18:35:34.607636,57.58,57.62
2025-12-12 18:35:36.595316,57.56,57.59
2025-12-12 18:35:37.141604,57.56,57.6
2025-12-12 18:35:38.688946,57.59,57.63
2025-12-12 18:35:47.918919,57.58,57.63
2025-12-12 18:35:48.414710,57.56,57.6
2025-12-12 18:35:48.679064,57.58,57.61
2025-12-12 18:35:52.376181,57.57,57.61
2025-12-12 18:35:58.120443,57.56,57.61
2025-12-12 18:36:01.644350,57.6,57.63
2025-12-12 18:36:13.849368,57.59,57.64
2025-12-12 18:36:14.981972,57.59,57.62
2025-12-12 18:36:15.880846,57.59,57.64
2025-12-12 18:36:19.172537,57.6,57.63
2025-12-12 18:36:33.700139,57.59,57.63
2025-12-12 18:36:37.560422,57.57,57.62
2025-12-12 18:36:38.498356,57.57,57.6
2025-12-12 18:36:39.068686,57.57,57.61
2025-12-12 18:36:39.581600,57.57,57.6
2025-12-12 18:36:45.546075,57.57,57.62
2025-12-12 18:36:47.566790,57.58,57.61
2025-12-12 18:36:48.681111,57.59,57.62
2025-12-12 18:36:57.225725,57.58,57.63
2025-12-12 18:36:57.566502,57.57,57.61
2025-12-12 18:37:00.053598,57.58,57.62
2025-12-12 18:37:04.273799,57.55,57.6
2025-12-12 18:37:06.332607,57.56,57.59
2025-12-12 18:37:10.839708,57.56,57.6
2025-12-12 18:37:11.614418,57.58,57.62
2025-12-12 18:37:16.529039,57.55,57.59
2025-12-12 18:37:17.544702,57.57,57.61
2025-12-12 18:37:20.493076,57.55,57.59
2025-12-12 18:37:20.790569,57.54,57.58
2025-12-12 18:37:21.425944,57.57,57.6
2025-12-12 18:37:21.782163,57.54,57.58
2025-12-12 18:37:22.389481,57.55,57.59
2025-12-12 18:37:22.902403,57.53,57.56
2025-12-12 18:37:23.411295,57.53,57.57
2025-12-12 18:37:26.336692,57.53,57.56
2025-12-12 18:37:26.796395,57.55,57.6
2025-12-12 18:37:27.356452,57.56,57.6
2025-12-12 18:37:27.840750,57.53,57.58
2025-12-12 18:37:28.712261,57.56,57.6
2025-12-12 18:37:41.972166,57.56,57.59
2025-12-12 18:37:45.292022,57.57,57.61
2025-12-12 18:37:53.214226,57.57,57.62
2025-12-12 18:37:54.742645,57.57,57.61
2025-12-12 18:37:59.951935,57.56,57.59
2025-12-12 18:38:02.990456,57.55,57.6
2025-12-12 18:38:10.350536,57.56,57.59
2025-12-12 18:38:26.718529,57.54,57.59
2025-12-12 18:38:27.080239,57.55,57.58
2025-12-12 18:38:29.732637,57.56,57.61
2025-12-12 18:38:29.858546,57.54,57.58
2025-12-12 18:38:30.657949,57.57,57.61
2025-12-12 18:38:33.336314,57.54,57.58
2025-12-12 18:38:35.828729,57.54,57.57
2025-12-12 18:38:37.521944,57.54,57.59
2025-12-12 18:38:38.551950,57.57,57.61
2025-12-12 18:38:48.184384,57.55,57.59
2025-12-12 18:38:49.528908,57.54,57.59
2025-12-12 18:38:59.681596,57.54,57.58
2025-12-12 18:39:00.857780,57.56,57.59
2025-12-12 18:39:25.128162,57.53,57.57
2025-12-12 18:40:01.260863,57.55,57.58
2025-12-12 18:40:02.462212,57.53,57.57
2025-12-12 18:40:06.778397,57.54,57.57
2025-12-12 18:40:14.350366,57.52,57.56
2025-12-12 18:40:15.247612,57.51,57.56
2025-12-12 18:40:19.888536,57.52,57.56
2025-12-12 18:40:23.423722,57.51,57.54
2025-12-12 18:40:24.496683,57.52,57.56
2025-12-12 18:40:25.317568,57.51,57.55
2025-12-12 18:40:25.546765,57.51,57.54
2025-12-12 18:40:26.181239,57.51,57.56
2025-12-12 18:40:27.338509,57.51,57.55
2025-12-12 18:40:28.927502,57.52,57.56
2025-12-12 18:40:33.809799,57.5,57.54
2025-12-12 18:40:46.738709,57.51,57.54
2025-12-12 18:40:46.946840,57.52,57.57
2025-12-12 18:40:50.027273,57.52,57.56
2025-12-12 18:41:12.381304,57.5,57.53
2025-12-12 18:41:14.681046,57.52,57.56
2025-12-12 18:41:16.542543,57.5,57.53
2025-12-12 18:41:20.821030,57.52,57.56
2025-12-12 18:41:21.826655,57.51,57.55
2025-12-12 18:42:00.061224,57.51,57.56
2025-12-12 18:42:06.087154,57.52,57.57
2025-12-12 18:42:09.662995,57.54,57.58
2025-12-12 18:42:11.922848,57.53,57.56
2025-12-12 18:42:20.653934,57.52,57.56
2025-12-12 18:42:22.778048,57.54,57.58
2025-12-12 18:42:37.132237,57.57,57.61
2025-12-12 18:42:37.582272,57.55,57.59
2025-12-12 18:42:38.556411,57.55,57.58
2025-12-12 18:42:40.842048,57.55,57.59
2025-12-12 18:42:41.498179,57.58,57.61
2025-12-12 18:42:42.348019,57.55,57.6
2025-12-12 18:42:45.280267,57.58,57.61
2025-12-12 18:42:47.609910,57.57,57.61
2025-12-12 18:42:48.726518,57.55,57.58
2025-12-12 18:42:50.369632,57.57,57.61
2025-12-12 18:42:51.670320,57.56,57.6
2025-12-12 18:42:52.186853,57.57,57.62
2025-12-12 18:42:53.437059,57.55,57.58
2025-12-12 18:42:57.159206,57.56,57.61
2025-12-12 18:42:58.574941,57.54,57.57
2025-12-12 18:43:01.791230,57.56,57.6
2025-12-12 18:43:17.342540,57.57,57.6
2025-12-12 18:43:18.582001,57.56,57.6
2025-12-12 18:43:19.585942,57.55,57.59
2025-12-12 18:43:25.088268,57.56,57.6
2025-12-12 18:43:27.775408,57.54,57.57
2025-12-12 18:43:28.101701,57.53,57.57
2025-12-12 18:43:30.407858,57.56,57.59
2025-12-12 18:43:44.408858,57.53,57.58
2025-12-12 18:43:44.632825,57.55,57.6
2025-12-12 18:44:15.925249,57.54,57.59
2025-12-12 18:44:18.634012,57.52,57.55
2025-12-12 18:44:24.613292,57.53,57.58
2025-12-12 18:44:24.785053,57.51,57.54
2025-12-12 18:44:27.717086,57.51,57.55
2025-12-12 18:44:32.175208,57.52,57.57
2025-12-12 18:44:32.696670,57.53,57.57
2025-12-12 18:44:33.984792,57.53,57.56
2025-12-12 18:44:35.599325,57.54,57.57
2025-12-12 18:44:43.063136,57.55,57.58
2025-12-12 18:44:44.173281,57.54,57.58
2025-12-12 18:45:10.797193,57.56,57.61
2025-12-12 18:45:11.649173,57.55,57.58
2025-12-12 18:45:27.294328,57.57,57.62
2025-12-12 18:45:28.546327,57.57,57.6
2025-12-12 18:45:28.922148,57.57,57.62
2025-12-12 18:45:33.710025,57.59,57.62
2025-12-12 18:45:36.115804,57.56,57.61
2025-12-12 18:45:37.476535,57.58,57.62
2025-12-12 18:45:45.683842,57.56,57.6
2025-12-12 18:45:47.374880,57.57,57.61
2025-12-12 18:45:49.380162,57.58,57.63
2025-12-12 18:45:51.557884,57.57,57.6
2025-12-12 18:45:53.020335,57.56,57.59
2025-12-12 18:45:53.313157,57.59,57.62
2025-12-12 18:45:54.341161,57.58,57.63
2025-12-12 18:45:54.730104,57.57,57.61
2025-12-12 18:46:06.690063,57.56,57.61
2025-12-12 18:46:09.231419,57.59,57.62
2025-12-12 18:46:13.617371,57.57,57.62
2025-12-12 18:46:14.701146,57.59,57.62
2025-12-12 18:46:30.241932,57.56,57.61
2025-12-12 18:46:32.268806,57.56,57.59
2025-12-12 18:46:51.379970,57.57,57.61
2025-12-12 18:47:02.467692,57.54,57.58
2025-12-12 18:47:04.379229,57.56,57.6
2025-12-12 18:47:16.818258,57.57,57.62
2025-12-12 18:47:19.058568,57.58,57.62
2025-12-12 18:47:23.583581,57.57,57.61
2025-12-12 18:47:24.576080,57.58,57.62
2025-12-12 18:48:03.242031,57.57,57.62
2025-12-12 18:48:22.573814,57.56,57.61
2025-12-12 18:48:41.150272,57.59,57.63
2025-12-12 18:49:01.887852,57.56,57.61
2025-12-12 18:49:03.643234,57.58,57.62
2025-12-12 18:49:39.285485,57.55,57.59
2025-12-12 18:49:42.048889,57.58,57.62
2025-12-12 18:49:43.709125,57.55,57.59
2025-12-12 18:49:50.854351,57.58,57.61
2025-12-12 18:50:23.333294,57.55,57.59
2025-12-12 18:50:24.601145,57.57,57.62
2025-12-12 18:50:34.234468,57.56,57.61
2025-12-12 18:50:42.011044,57.56,57.6
2025-12-12 18:50:45.171216,57.57,57.6
2025-12-12 18:50:47.975042,57.58,57.62
2025-12-12 18:50:49.183035,57.59,57.63
2025-12-12 18:50:51.573263,57.56,57.61
2025-12-12 18:50:52.345809,57.58,57.62
2025-12-12 18:51:07.834722,57.58,57.63
2025-12-12 18:51:09.948364,57.58,57.61
2025-12-12 18:51:17.407894,57.58,57.62
2025-12-12 18:51:21.165694,57.56,57.61
2025-12-12 18:51:23.903765,57.57,57.61
2025-12-12 18:51:24.715282,57.56,57.61
2025-12-12 18:51:50.540737,57.59,57.63
2025-12-12 18:52:05.788365,57.55,57.6
2025-12-12 18:52:06.697688,57.58,57.62
2025-12-12 18:52:07.151023,57.59,57.62
2025-12-12 18:52:07.354469,57.6,57.63
2025-12-12 18:52:07.956548,57.59,57.62
2025-12-12 18:52:08.815638,57.58,57.62
2025-12-12 18:52:09.309412,57.6,57.65
2025-12-12 18:52:11.684745,57.59,57.62
2025-12-12 18:52:12.463275,57.57,57.62
2025-12-12 18:52:12.911891,57.59,57.63
2025-12-12 18:52:45.999493,57.57,57.62
2025-12-12 18:53:00.394110,57.58,57.63
2025-12-12 18:53:04.256761,57.57,57.62
2025-12-12 18:53:05.246581,57.57,57.6
2025-12-12 18:53:06.788650,57.57,57.61
2025-12-12 18:53:08.317656,57.58,57.62
2025-12-12 18:53:09.491837,57.59,57.63
2025-12-12 18:53:12.216149,57.6,57.64
2025-12-12 18:53:13.281579,57.59,57.63
2025-12-12 18:53:19.998626,57.6,57.65
2025-12-12 18:53:20.450817,57.58,57.61
2025-12-12 18:53:20.948390,57.6,57.65
2025-12-12 18:53:23.178714,57.58,57.61
2025-12-12 18:53:27.550585,57.6,57.64
2025-12-12 18:53:28.302432,57.6,57.63
2025-12-12 18:53:30.467539,57.59,57.63
2025-12-12 18:53:33.319942,57.6,57.64
2025-12-12 18:53:33.689534,57.57,57.62
2025-12-12 18:53:35.001464,57.6,57.63
2025-12-12 18:53:38.640172,57.57,57.62
2025-12-12 18:54:07.625795,57.58,57.62
2025-12-12 18:54:46.832729,57.57,57.61
2025-12-12 18:54:47.131592,57.56,57.59
2025-12-12 18:54:47.519012,57.55,57.58
2025-12-12 18:54:47.732573,57.54,57.58
2025-12-12 18:54:48.010897,57.55,57.58
2025-12-12 18:54:48.152655,57.56,57.6
2025-12-12 18:54:50.751586,57.55,57.58
2025-12-12 18:54:52.029867,57.54,57.59
2025-12-12 18:55:10.984495,57.56,57.6
2025-12-12 18:55:11.701803,57.57,57.61
2025-12-12 18:55:12.184858,57.56,57.6
2025-12-12 18:55:12.624614,57.55,57.59
2025-12-12 18:55:20.086531,57.54,57.59
2025-12-12 18:55:20.811849,57.55,57.6
2025-12-12 18:55:23.181038,57.54,57.58
2025-12-12 18:55:25.553694,57.55,57.6
2025-12-12 18:55:26.173778,57.55,57.58
2025-12-12 18:55:33.404141,57.52,57.56
2025-12-12 18:55:39.420554,57.53,57.57
2025-12-12 18:55:43.290018,57.55,57.6
2025-12-12 18:56:03.101062,57.56,57.59
2025-12-12 18:56:03.549214,57.55,57.6
2025-12-12 18:56:07.742319,57.56,57.59
2025-12-12 18:56:09.300263,57.54,57.57
2025-12-12 18:56:12.373126,57.55,57.6
2025-12-12 18:56:12.605334,57.53,57.57
2025-12-12 18:56:13.859161,57.55,57.59
2025-12-12 18:56:14.140048,57.56,57.6
2025-12-12 18:56:14.959208,57.55,57.59
2025-12-12 18:56:15.240760,57.55,57.58
2025-12-12 18:56:17.688733,57.52,57.56
2025-12-12 18:56:19.996452,57.51,57.55
2025-12-12 18:56:21.190744,57.51,57.54
2025-12-12 18:56:25.960448,57.53,57.58
2025-12-12 18:56:27.832109,57.54,57.57
2025-12-12 18:56:29.071833,57.51,57.55
2025-12-12 18:56:31.021919,57.54,57.58
2025-12-12 18:56:37.646531,57.52,57.56
2025-12-12 18:56:47.445538,57.53,57.58
2025-12-12 18:56:52.311594,57.54,57.58
2025-12-12 18:57:02.874341,57.55,57.59
2025-12-12 18:57:03.814773,57.56,57.6
2025-12-12 18:57:04.327286,57.53,57.57
2025-12-12 18:57:04.593256,57.54,57.58
2025-12-12 18:57:06.237383,57.53,57.57
2025-12-12 18:57:06.729873,57.55,57.58
2025-12-12 18:57:15.071173,57.53,57.58
2025-12-12 18:57:16.576140,57.55,57.59
2025-12-12 18:57:17.893349,57.53,57.58
2025-12-12 18:57:18.680609,57.55,57.59
2025-12-12 18:57:37.258906,57.54,57.59
2025-12-12 18:57:38.372914,57.55,57.58
2025-12-12 18:57:39.802126,57.54,57.59
2025-12-12 18:57:56.798916,57.51,57.56
2025-12-12 18:58:01.313454,57.54,57.58
2025-12-12 18:58:01.759269,57.53,57.57
2025-12-12 18:58:17.840839,57.5,57.55
2025-12-12 18:58:19.802490,57.51,57.55
2025-12-12 18:58:20.811696,57.52,57.56
2025-12-12 18:58:30.145289,57.5,57.54
2025-12-12 18:58:34.933988,57.51,57.56
2025-12-12 18:58:43.959177,57.52,57.56
2025-12-12 18:58:52.321293,57.5,57.55
2025-12-12 18:58:53.322382,57.51,57.55
2025-12-12 18:58:53.911827,57.52,57.56
2025-12-12 18:59:15.841364,57.49,57.54
2025-12-12 18:59:19.623288,57.52,57.55
2025-12-12 18:59:20.707612,57.51,57.55
2025-12-12 18:59:21.465711,57.51,57.54
2025-12-12 18:59:21.882349,57.47,57.51
2025-12-12 18:59:24.676160,57.46,57.51
2025-12-12 18:59:27.012325,57.49,57.53
2025-12-12 18:59:35.612964,57.5,57.55
2025-12-12 18:59:44.908806,57.49,57.52
2025-12-12 18:59:45.648460,57.48,57.53
2025-12-12 18:59:51.668752,57.49,57.52
2025-12-12 18:59:52.673861,57.48,57.52
2025-12-12 18:59:53.131630,57.49,57.52
2025-12-12 18:59:53.896074,57.5,57.53
2025-12-12 18:59:54.725241,57.48,57.53
2025-12-12 18:59:58.962106,57.48,57.51
2025-12-12 18:59:59.899210,57.48,57.53
2025-12-12 19:00:02.459808,57.48,57.52
2025-12-12 19:00:05.732979,57.51,57.54
2025-12-12 19:00:06.646856,57.48,57.52
2025-12-12 19:00:10.301667,57.5,57.54
2025-12-12 19:00:12.206385,57.51,57.55
2025-12-12 19:00:13.356480,57.5,57.54
2025-12-12 19:00:14.583763,57.49,57.52
2025-12-12 19:00:18.237809,57.48,57.52
2025-12-12 19:00:21.457469,57.51,57.54
2025-12-12 19:00:22.325367,57.51,57.56
2025-12-12 19:00:22.589958,57.53,57.57
2025-12-12 19:00:23.602164,57.52,57.57
2025-12-12 19:00:25.102911,57.51,57.54
2025-12-12 19:00:25.657680,57.5,57.54
2025-12-12 19:00:27.057029,57.52,57.56
2025-12-12 19:00:29.100663,57.51,57.55
2025-12-12 19:00:29.541026,57.54,57.57
2025-12-12 19:00:31.435465,57.54,57.58
2025-12-12 19:00:35.779000,57.53,57.57
2025-12-12 19:00:40.029938,57.54,57.57
2025-12-12 19:00:41.118772,57.53,57.58
2025-12-12 19:01:03.301416,57.54,57.57
2025-12-12 19:01:04.230815,57.51,57.54
2025-12-12 19:01:09.531970,57.51,57.55
2025-12-12 19:01:15.103593,57.52,57.56
2025-12-12 19:01:15.897737,57.49,57.53
2025-12-12 19:01:17.560532,57.53,57.56
2025-12-12 19:01:18.442604,57.5,57.54
2025-12-12 19:01:27.450133,57.51,57.54
2025-12-12 19:01:32.153756,57.52,57.57
2025-12-12 19:01:32.635530,57.51,57.55
2025-12-12 19:01:33.610057,57.52,57.56
2025-12-12 19:01:35.222519,57.5,57.54
2025-12-12 19:01:53.900440,57.49,57.53
2025-12-12 19:01:56.235897,57.5,57.53
2025-12-12 19:01:57.014870,57.52,57.55
2025-12-12 19:02:03.902549,57.51,57.54
2025-12-12 19:02:07.195161,57.5,57.55
2025-12-12 19:02:08.779036,57.49,57.53
2025-12-12 19:02:11.724250,57.51,57.55
2025-12-12 19:02:16.834491,57.5,57.54
2025-12-12 19:02:17.441062,57.51,57.56
2025-12-12 19:02:19.382542,57.5,57.53
2025-12-12 19:02:19.892485,57.49,57.53
2025-12-12 19:02:25.333822,57.52,57.55
2025-12-12 19:02:30.056147,57.5,57.54
2025-12-12 19:02:32.476308,57.5,57.53
2025-12-12 19:02:33.026393,57.5,57.55
2025-12-12 19:02:33.295530,57.5,57.53
2025-12-12 19:02:40.314824,57.48,57.53
2025-12-12 19:02:40.418005,57.5,57.54
2025-12-12 19:02:41.491295,57.5,57.55
2025-12-12 19:02:42.525664,57.5,57.54
2025-12-12 19:02:44.998833,57.49,57.53
2025-12-12 19:02:45.985770,57.48,57.52
2025-12-12 19:02:46.243938,57.5,57.55
2025-12-12 19:03:15.754341,57.48,57.51
2025-12-12 19:03:17.638459,57.49,57.54
2025-12-12 19:03:23.095025,57.52,57.56
2025-12-12 19:03:26.339534,57.52,57.55
2025-12-12 19:03:27.590976,57.52,57.56
2025-12-12 19:03:38.261949,57.54,57.58
2025-12-12 19:03:52.040786,57.52,57.57
2025-12-12 19:03:52.590986,57.5,57.54
2025-12-12 19:04:06.421729,57.52,57.56
2025-12-12 19:04:09.713188,57.52,57.55
2025-12-12 19:04:14.106360,57.5,57.54
2025-12-12 19:04:21.454395,57.53,57.57
2025-12-12 19:04:22.232822,57.53,57.56
2025-12-12 19:04:57.661832,57.52,57.57
2025-12-12 19:04:58.476235,57.51,57.56
2025-12-12 19:05:07.311863,57.5,57.55
2025-12-12 19:05:27.663961,57.5,57.53
2025-12-12 19:05:39.925168,57.5,57.54
2025-12-12 19:05:40.325553,57.52,57.55
2025-12-12 19:05:56.359583,57.49,57.54
2025-12-12 19:05:58.714336,57.51,57.55
2025-12-12 19:05:59.178113,57.48,57.52
2025-12-12 19:06:02.139071,57.49,57.52
2025-12-12 19:06:05.077441,57.49,57.54
2025-12-12 19:06:07.010150,57.52,57.55
2025-12-12 19:06:09.454469,57.53,57.56
2025-12-12 19:06:10.086545,57.52,57.57
2025-12-12 19:06:10.269353,57.51,57.54
2025-12-12 19:06:10.842495,57.51,57.55
2025-12-12 19:06:12.094053,57.52,57.57
2025-12-12 19:06:17.294271,57.51,57.56
2025-12-12 19:06:36.829161,57.51,57.54
2025-12-12 19:06:40.182768,57.49,57.54
2025-12-12 19:06:40.502754,57.5,57.54
2025-12-12 19:06:41.666602,57.51,57.55
2025-12-12 19:06:41.881331,57.52,57.57
2025-12-12 19:06:44.048761,57.52,57.56
2025-12-12 19:06:46.194391,57.51,57.55
2025-12-12 19:06:52.782804,57.53,57.56
2025-12-12 19:06:54.863462,57.54,57.58
2025-12-12 19:06:57.265806,57.53,57.57
2025-12-12 19:07:01.668250,57.55,57.6
2025-12-12 19:07:09.076084,57.56,57.59
2025-12-12 19:07:10.220682,57.53,57.58
2025-12-12 19:07:11.364447,57.54,57.57
2025-12-12 19:07:11.632033,57.55,57.59
2025-12-12 19:07:14.120983,57.55,57.6
2025-12-12 19:07:15.591339,57.55,57.58
2025-12-12 19:07:22.303871,57.54,57.58
2025-12-12 19:07:25.394503,57.53,57.56
2025-12-12 19:07:38.917916,57.53,57.58
2025-12-12 19:07:44.048447,57.54,57.58
2025-12-12 19:07:44.324992,57.51,57.55
2025-12-12 19:07:55.224312,57.54,57.58
2025-12-12 19:08:04.427532,57.53,57.56
2025-12-12 19:08:06.356828,57.52,57.57
2025-12-12 19:08:06.749386,57.55,57.58
2025-12-12 19:08:07.526774,57.54,57.59
2025-12-12 19:08:10.645925,57.53,57.56
2025-12-12 19:08:14.355309,57.53,57.58
2025-12-12 19:08:14.668636,57.54,57.58
2025-12-12 19:08:14.898889,57.53,57.58
2025-12-12 19:08:17.225891,57.55,57.58
2025-12-12 19:08:39.877295,57.52,57.56
2025-12-12 19:08:47.803915,57.54,57.59
2025-12-12 19:08:50.995958,57.55,57.59
2025-12-12 19:08:51.903912,57.53,57.57
2025-12-12 19:08:56.883253,57.55,57.59
2025-12-12 19:08:57.238692,57.54,57.57
2025-12-12 19:09:05.142608,57.56,57.6
2025-12-12 19:09:06.629390,57.54,57.59
2025-12-12 19:09:07.272529,57.55,57.58
2025-12-12 19:09:07.989696,57.56,57.6
2025-12-12 19:09:08.942182,57.57,57.61
2025-12-12 19:09:10.783184,57.56,57.61
2025-12-12 19:09:11.033385,57.57,57.6
2025-12-12 19:09:48.723993,57.55,57.6
2025-12-12 19:10:02.596853,57.54,57.58
2025-12-12 19:10:05.779951,57.55,57.6
2025-12-12 19:10:09.159268,57.54,57.58
2025-12-12 19:10:09.681612,57.53,57.57
2025-12-12 19:10:10.180135,57.55,57.59
2025-12-12 19:10:23.615112,57.54,57.59
2025-12-12 19:10:31.782263,57.54,57.57
2025-12-12 19:10:35.751589,57.55,57.59
2025-12-12 19:10:37.295716,57.58,57.62
2025-12-12 19:10:47.878779,57.57,57.62
2025-12-12 19:10:55.292510,57.57,57.61
2025-12-12 19:10:56.136678,57.55,57.6
2025-12-12 19:10:59.243861,57.57,57.61
2025-12-12 19:11:01.040654,57.57,57.62
2025-12-12 19:11:01.551007,57.55,57.58
2025-12-12 19:11:02.632594,57.55,57.59
2025-12-12 19:11:04.507557,57.57,57.61
2025-12-12 19:11:06.307062,57.56,57.61
2025-12-12 19:11:07.858516,57.54,57.57
2025-12-12 19:11:08.928797,57.56,57.61
2025-12-12 19:11:09.994187,57.54,57.58
2025-12-12 19:11:11.390769,57.57,57.62
2025-12-12 19:11:14.005206,57.55,57.59
2025-12-12 19:11:14.700920,57.58,57.61
2025-12-12 19:11:16.099125,57.57,57.62
2025-12-12 19:11:16.342800,57.55,57.59
2025-12-12 19:11:27.655521,57.57,57.62
2025-12-12 19:11:28.384270,57.56,57.59
2025-12-12 19:11:28.790953,57.57,57.61
2025-12-12 19:11:29.011030,57.55,57.59
2025-12-12 19:11:29.489008,57.58,57.62
2025-12-12 19:11:29.779880,57.55,57.59
2025-12-12 19:11:32.187167,57.56,57.59
2025-12-12 19:11:33.880126,57.58,57.62
2025-12-12 19:11:34.625836,57.57,57.62
2025-12-12 19:11:37.745215,57.58,57.62
2025-12-12 19:11:41.589561,57.56,57.59
2025-12-12 19:11:42.255292,57.57,57.61
2025-12-12 19:11:45.419412,57.57,57.6
2025-12-12 19:11:53.100698,57.56,57.6
2025-12-12 19:11:55.153515,57.55,57.59
2025-12-12 19:11:55.959186,57.56,57.6
2025-12-12 19:11:57.642742,57.54,57.58
2025-12-12 19:11:58.942341,57.56,57.61
2025-12-12 19:12:00.929998,57.54,57.57
2025-12-12 19:12:17.411371,57.54,57.58
2025-12-12 19:12:17.742564,57.57,57.6
2025-12-12 19:12:19.416020,57.54,57.58
2025-12-12 19:12:34.542470,57.57,57.61
2025-12-12 19:12:35.103936,57.57,57.6
2025-12-12 19:12:37.475288,57.56,57.59
2025-12-12 19:12:43.016993,57.58,57.63
2025-12-12 19:12:46.700944,57.57,57.61
2025-12-12 19:12:47.407003,57.56,57.6
2025-12-12 19:12:52.030905,57.56,57.61
2025-12-12 19:12:53.312943,57.59,57.63
2025-12-12 19:12:53.575894,57.56,57.59
2025-12-12 19:12:55.884491,57.58,57.62
2025-12-12 19:12:57.327858,57.58,57.63
2025-12-12 19:12:57.842644,57.56,57.6
2025-12-12 19:13:04.445260,57.56,57.61
2025-12-12 19:13:05.403536,57.58,57.62
2025-12-12 19:13:06.571855,57.56,57.59
2025-12-12 19:13:08.448337,57.56,57.61
2025-12-12 19:13:08.663331,57.57,57.61
2025-12-12 19:13:09.517298,57.58,57.62
2025-12-12 19:13:11.379697,57.56,57.6
2025-12-12 19:13:26.290862,57.55,57.6
2025-12-12 19:13:27.580384,57.56,57.6
2025-12-12 19:13:31.491070,57.58,57.61
2025-12-12 19:13:32.112328,57.59,57.63
2025-12-12 19:13:35.252368,57.56,57.6
2025-12-12 19:13:36.938510,57.57,57.6
2025-12-12 19:13:38.002671,57.58,57.62
2025-12-12 19:13:39.640574,57.57,57.6
2025-12-12 19:13:44.321626,57.56,57.6
2025-12-12 19:13:46.481446,57.59,57.62
2025-12-12 19:13:49.770969,57.56,57.59
2025-12-12 19:13:50.767657,57.57,57.6
2025-12-12 19:13:51.125112,57.58,57.61
2025-12-12 19:14:06.806118,57.55,57.59
2025-12-12 19:14:07.131609,57.58,57.61
2025-12-12 19:14:18.248717,57.55,57.59
2025-12-12 19:14:21.035749,57.57,57.61
2025-12-12 19:14:21.578255,57.57,57.62
2025-12-12 19:14:23.450789,57.55,57.59
2025-12-12 19:14:23.710572,57.57,57.61
2025-12-12 19:14:25.159623,57.56,57.6
2025-12-12 19:14:25.622076,57.57,57.61
2025-12-12 19:14:37.293340,57.55,57.6
2025-12-12 19:14:39.797753,57.57,57.62
2025-12-12 19:14:40.432536,57.56,57.59
2025-12-12 19:14:42.044413,57.58,57.61
2025-12-12 19:14:52.557291,57.58,57.62
2025-12-12 19:14:58.939790,57.56,57.59
2025-12-12 19:14:59.219248,57.58,57.63
2025-12-12 19:14:59.620953,57.57,57.6
2025-12-12 19:15:22.622622,57.58,57.62
2025-12-12 19:15:32.557885,57.57,57.6
2025-12-12 19:15:35.796642,57.6,57.65
2025-12-12 19:15:37.541054,57.61,57.65
2025-12-12 19:15:41.551103,57.59,57.62
2025-12-12 19:15:45.283129,57.58,57.63
2025-12-12 19:15:49.074822,57.6,57.64
2025-12-12 19:15:54.407505,57.61,57.64
2025-12-12 19:15:55.635743,57.59,57.64
2025-12-12 19:16:07.590766,57.6,57.64
2025-12-12 19:16:08.876460,57.61,57.65
2025-12-12 19:16:18.192718,57.58,57.63
2025-12-12 19:16:22.944847,57.59,57.63
2025-12-12 19:16:43.278459,57.58,57.62
2025-12-12 19:16:44.633966,57.59,57.62
2025-12-12 19:16:47.217247,57.58,57.62
2025-12-12 19:17:00.065482,57.57,57.61
2025-12-12 19:17:08.785596,57.55,57.59
2025-12-12 19:17:15.445029,57.56,57.6
2025-12-12 19:17:18.061268,57.57,57.61
2025-12-12 19:17:18.359763,57.54,57.58
2025-12-12 19:17:21.385552,57.57,57.61
2025-12-12 19:17:28.427287,57.56,57.6
2025-12-12 19:17:34.617002,57.54,57.57
2025-12-12 19:17:38.684386,57.56,57.6
2025-12-12 19:17:41.060186,57.55,57.59
2025-12-12 19:17:54.871459,57.57,57.61
2025-12-12 19:18:10.818795,57.56,57.6
2025-12-12 19:18:11.864634,57.56,57.61
2025-12-12 19:18:12.998638,57.58,57.62
2025-12-12 19:18:14.110255,57.58,57.61
2025-12-12 19:18:25.203103,57.58,57.62
2025-12-12 19:18:28.089471,57.57,57.6
2025-12-12 19:18:32.067071,57.54,57.59
2025-12-12 19:18:36.200833,57.55,57.58
2025-12-12 19:18:39.822189,57.54,57.58
2025-12-12 19:18:50.296864,57.57,57.61
2025-12-12 19:19:05.339698,57.57,57.6
2025-12-12 19:19:06.336724,57.58,57.62
2025-12-12 19:19:09.767585,57.57,57.6
2025-12-12 19:19:14.249030,57.58,57.62
2025-12-12 19:19:14.806205,57.57,57.61
2025-12-12 19:19:19.511972,57.55,57.6
2025-12-12 19:19:23.149330,57.56,57.59
2025-12-12 19:19:24.420958,57.57,57.61
2025-12-12 19:19:24.672476,57.57,57.6
2025-12-12 19:19:41.602599,57.55,57.6
2025-12-12 19:19:42.996432,57.58,57.61
2025-12-12 19:19:46.074608,57.56,57.6
2025-12-12 19:19:46.325371,57.58,57.61
2025-12-12 19:19:59.557468,57.56,57.6
2025-12-12 19:20:02.935512,57.56,57.61
2025-12-12 19:20:04.607046,57.56,57.6
2025-12-12 19:20:25.724484,57.58,57.63
2025-12-12 19:20:31.603851,57.58,57.61
2025-12-12 19:20:32.527973,57.56,57.61
2025-12-12 19:20:33.649559,57.56,57.6
2025-12-12 19:20:34.236875,57.58,57.63
2025-12-12 19:20:53.882459,57.57,57.62
2025-12-12 19:20:54.065919,57.57,57.61
2025-12-12 19:20:54.665443,57.57,57.6
2025-12-12 19:21:17.163229,57.58,57.63
2025-12-12 19:21:18.469436,57.59,57.63
2025-12-12 19:21:24.842060,57.56,57.61
2025-12-12 19:21:27.568713,57.56,57.6
2025-12-12 19:21:28.151351,57.57,57.6
2025-12-12 19:21:38.034480,57.58,57.62
2025-12-12 19:22:07.584842,57.57,57.62
2025-12-12 19:22:08.365992,57.56,57.59
2025-12-12 19:22:29.327609,57.57,57.62
2025-12-12 19:22:34.512032,57.58,57.62
2025-12-12 19:22:45.601872,57.57,57.61
2025-12-12 19:23:40.198091,57.54,57.58
2025-12-12 19:23:42.408634,57.54,57.59
2025-12-12 19:24:02.372854,57.54,57.57
2025-12-12 19:24:04.965034,57.55,57.6
2025-12-12 19:24:08.899370,57.56,57.6
2025-12-12 19:24:10.238122,57.53,57.57
2025-12-12 19:24:10.469381,57.55,57.6
2025-12-12 19:24:12.527295,57.56,57.6
2025-12-12 19:24:12.739983,57.54,57.58
2025-12-12 19:24:35.898022,57.53,57.58
2025-12-12 19:24:39.972466,57.54,57.58
2025-12-12 19:24:40.555381,57.56,57.59
2025-12-12 19:24:42.213413,57.56,57.6
2025-12-12 19:24:44.631582,57.53,57.57
2025-12-12 19:24:50.725971,57.5,57.54
2025-12-12 19:24:54.092492,57.52,57.55
2025-12-12 19:24:56.753499,57.5,57.55
2025-12-12 19:24:59.625822,57.51,57.56
2025-12-12 19:25:04.695227,57.5,57.55
2025-12-12 19:25:05.687952,57.49,57.53
2025-12-12 19:25:08.809570,57.48,57.52
2025-12-12 19:25:09.053967,57.51,57.55
2025-12-12 19:25:09.570965,57.49,57.53
2025-12-12 19:25:10.352642,57.51,57.56
2025-12-12 19:25:10.645348,57.52,57.56
2025-12-12 19:25:15.825612,57.51,57.55
2025-12-12 19:25:32.035924,57.51,57.54
2025-12-12 19:25:38.249303,57.51,57.55
2025-12-12 19:25:44.685149,57.5,57.54
2025-12-12 19:25:50.493349,57.47,57.52
2025-12-12 19:25:50.870989,57.5,57.53
2025-12-12 19:25:51.001599,57.49,57.54
2025-12-12 19:25:52.456146,57.5,57.54
2025-12-12 19:25:59.849255,57.48,57.53
2025-12-12 19:26:01.195782,57.49,57.53
2025-12-12 19:26:11.916743,57.49,57.54
2025-12-12 19:26:14.553657,57.5,57.55
2025-12-12 19:26:16.449042,57.5,57.53
2025-12-12 19:26:19.258750,57.49,57.54
2025-12-12 19:26:22.130223,57.52,57.56
2025-12-12 19:26:22.900843,57.51,57.54
2025-12-12 19:26:24.481480,57.53,57.57
2025-12-12 19:26:37.274653,57.52,57.57
2025-12-12 19:26:38.700649,57.51,57.55
2025-12-12 19:26:41.239500,57.52,57.56
2025-12-12 19:26:46.663213,57.49,57.53
2025-12-12 19:26:49.884761,57.49,57.54
2025-12-12 19:27:01.186812,57.49,57.53
2025-12-12 19:27:01.547796,57.51,57.54
2025-12-12 19:27:02.564027,57.51,57.55
2025-12-12 19:27:05.339453,57.51,57.56
2025-12-12 19:27:06.126225,57.49,57.53
2025-12-12 19:27:10.581505,57.48,57.53
2025-12-12 19:27:19.234179,57.49,57.52
2025-12-12 19:27:20.269055,57.49,57.53
2025-12-12 19:27:20.441102,57.5,57.54
2025-12-12 19:27:31.573465,57.49,57.53
2025-12-12 19:27:31.867461,57.48,57.52
2025-12-12 19:27:33.938159,57.49,57.52
2025-12-12 19:27:34.186889,57.48,57.53
2025-12-12 19:27:34.451801,57.51,57.55
2025-12-12 19:27:46.046681,57.5,57.55
2025-12-12 19:27:46.875050,57.47,57.52
2025-12-12 19:27:47.346232,57.5,57.54
2025-12-12 19:27:47.996903,57.49,57.53
2025-12-12 19:27:48.236990,57.5,57.53
2025-12-12 19:27:48.534139,57.49,57.53
2025-12-12 19:27:49.307865,57.49,57.52
2025-12-12 19:27:49.600376,57.5,57.53
2025-12-12 19:27:49.881921,57.49,57.52
2025-12-12 19:27:50.755094,57.49,57.54
2025-12-12 19:27:50.969656,57.5,57.54
2025-12-12 19:27:56.860311,57.49,57.54
2025-12-12 19:27:57.092636,57.47,57.5
2025-12-12 19:27:58.114527,57.5,57.54
2025-12-12 19:27:59.291238,57.47,57.51
2025-12-12 19:27:59.590394,57.44,57.48
2025-12-12 19:27:59.896407,57.43,57.46
2025-12-12 19:28:00.159212,57.43,57.47
2025-12-12 19:28:00.348377,57.44,57.49
2025-12-12 19:28:00.763463,57.41,57.45
2025-12-12 19:28:01.273472,57.43,57.47
2025-12-12 19:28:02.097870,57.44,57.48
2025-12-12 19:28:02.654472,57.42,57.46
2025-12-12 19:28:03.055479,57.44,57.48
2025-12-12 19:28:03.522364,57.47,57.52
2025-12-12 19:28:04.464992,57.48,57.51
2025-12-12 19:28:05.037872,57.45,57.5
2025-12-12 19:28:05.326756,57.47,57.51
2025-12-12 19:28:05.993328,57.46,57.5
2025-12-12 19:28:06.245896,57.47,57.51
2025-12-12 19:28:06.569787,57.48,57.52
2025-12-12 19:28:07.033666,57.44,57.49
2025-12-12 19:28:07.220010,57.42,57.46
2025-12-12 19:28:07.513977,57.45,57.48
2025-12-12 19:28:07.969628,57.43,57.47
2025-12-12 19:28:08.583321,57.44,57.48
2025-12-12 19:28:14.516600,57.45,57.48
2025-12-12 19:28:14.799214,57.43,57.48
2025-12-12 19:28:17.042799,57.44,57.49
2025-12-12 19:28:18.692118,57.43,57.48
2025-12-12 19:28:20.770154,57.42,57.47
2025-12-12 19:28:21.548236,57.41,57.45
2025-12-12 19:28:22.296913,57.4,57.44
2025-12-12 19:28:22.508620,57.4,57.43
2025-12-12 19:28:23.069875,57.4,57.45
2025-12-12 19:28:23.286210,57.44,57.47
2025-12-12 19:28:24.466435,57.42,57.47
2025-12-12 19:28:24.699177,57.42,57.46
2025-12-12 19:28:25.868846,57.43,57.46
2025-12-12 19:28:26.994331,57.42,57.47
2025-12-12 19:28:29.003788,57.43,57.47
2025-12-12 19:28:31.018742,57.42,57.46
2025-12-12 19:28:31.919070,57.43,57.47
2025-12-12 19:28:34.399212,57.44,57.49
2025-12-12 19:28:37.533761,57.42,57.46
2025-12-12 19:28:40.844598,57.42,57.47
2025-12-12 19:28:42.334245,57.43,57.46
2025-12-12 19:28:44.349987,57.41,57.45
2025-12-12 19:28:45.955609,57.42,57.45
2025-12-12 19:28:47.320854,57.42,57.46
2025-12-12 19:28:50.787979,57.44,57.48
2025-12-12 19:28:51.221672,57.42,57.46
2025-12-12 19:29:00.091163,57.41,57.46
2025-12-12 19:29:00.609267,57.38,57.42
2025-12-12 19:29:01.059275,57.39,57.43
2025-12-12 19:29:08.669612,57.42,57.45
2025-12-12 19:29:09.394617,57.39,57.44
2025-12-12 19:29:10.521173,57.39,57.43
2025-12-12 19:29:11.148441,57.42,57.45
2025-12-12 19:29:17.363176,57.42,57.47
2025-12-12 19:29:19.718331,57.41,57.44
2025-12-12 19:29:21.981189,57.42,57.45
2025-12-12 19:29:34.513205,57.42,57.47
2025-12-12 19:29:35.420990,57.41,57.46
2025-12-12 19:29:36.220970,57.42,57.46
2025-12-12 19:29:40.190146,57.4,57.44
2025-12-12 19:29:46.192573,57.44,57.47
2025-12-12 19:29:50.662715,57.44,57.48
2025-12-12 19:29:53.385415,57.46,57.49
2025-12-12 19:29:55.728679,57.43,57.48
2025-12-12 19:29:56.955004,57.44,57.47
2025-12-12 19:29:57.304949,57.45,57.5
2025-12-12 19:30:00.520674,57.42,57.47
2025-12-12 19:30:01.870924,57.42,57.45
2025-12-12 19:30:06.751636,57.45,57.5
2025-12-12 19:30:09.100238,57.46,57.5
2025-12-12 19:30:12.538344,57.45,57.49
2025-12-12 19:30:17.159978,57.47,57.51
2025-12-12 19:30:20.817287,57.45,57.49
2025-12-12 19:30:21.567759,57.47,57.51
2025-12-12 19:30:26.294005,57.45,57.49
2025-12-12 19:30:29.060881,57.47,57.5
2025-12-12 19:30:30.557471,57.45,57.49
2025-12-12 19:30:31.239654,57.46,57.49
2025-12-12 19:30:32.467566,57.45,57.49
2025-12-12 19:30:34.816908,57.46,57.5
2025-12-12 19:30:35.653375,57.43,57.48
2025-12-12 19:30:37.039584,57.45,57.48
2025-12-12 19:30:41.918804,57.44,57.49
2025-12-12 19:30:42.167066,57.46,57.49
2025-12-12 19:30:50.618592,57.47,57.5
2025-12-12 19:30:55.768333,57.45,57.49
2025-12-12 19:30:59.508985,57.46,57.5
2025-12-12 19:31:00.903000,57.46,57.51
2025-12-12 19:31:07.436195,57.45,57.49
2025-12-12 19:31:16.107031,57.44,57.48
2025-12-12 19:31:21.397730,57.45,57.49
2025-12-12 19:31:24.017481,57.44,57.49
2025-12-12 19:31:24.733949,57.44,57.48
2025-12-12 19:31:28.677488,57.44,57.47
2025-12-12 19:31:32.399092,57.44,57.48
2025-12-12 19:31:36.259888,57.44,57.49
2025-12-12 19:31:41.130367,57.44,57.48
2025-12-12 19:31:41.238103,57.46,57.51
2025-12-12 19:31:41.765415,57.46,57.5
2025-12-12 19:31:42.256410,57.46,57.51
2025-12-12 19:31:42.585470,57.44,57.48
2025-12-12 19:31:51.973802,57.43,57.47
2025-12-12 19:31:52.754760,57.45,57.49
2025-12-12 19:31:52.985812,57.46,57.49
2025-12-12 19:31:53.323653,57.43,57.47
2025-12-12 19:31:53.902503,57.44,57.48
2025-12-12 19:31:59.893783,57.45,57.5
2025-12-12 19:32:01.484292,57.46,57.5
2025-12-12 19:32:03.103883,57.45,57.5
2025-12-12 19:32:12.349036,57.44,57.49
2025-12-12 19:32:15.984188,57.44,57.47
2025-12-12 19:32:18.218925,57.44,57.48
2025-12-12 19:32:20.825235,57.43,57.46
2025-12-12 19:32:46.632887,57.43,57.48
2025-12-12 19:32:57.160060,57.42,57.46
2025-12-12 19:33:10.210520,57.43,57.48
2025-12-12 19:33:15.475750,57.45,57.49
2025-12-12 19:33:32.664110,57.42,57.47
2025-12-12 19:34:01.807379,57.43,57.48
2025-12-12 19:34:23.678687,57.43,57.46
2025-12-12 19:35:09.634078,57.43,57.48
2025-12-12 19:35:14.092611,57.44,57.47
2025-12-12 19:35:21.664478,57.45,57.5
2025-12-12 19:35:31.015220,57.45,57.49
2025-12-12 19:35:38.535255,57.42,57.46
2025-12-12 19:35:46.633235,57.43,57.47
2025-12-12 19:35:59.707734,57.41,57.45
2025-12-12 19:36:07.511394,57.41,57.44
2025-12-12 19:36:41.655255,57.43,57.47
2025-12-12 19:36:58.308913,57.42,57.47
2025-12-12 19:37:12.102516,57.4,57.44
2025-12-12 19:37:14.567180,57.41,57.45
2025-12-12 19:37:27.053655,57.39,57.43
2025-12-12 19:37:36.049644,57.4,57.44
2025-12-12 19:37:47.673564,57.38,57.42
2025-12-12 19:37:49.247873,57.4,57.44
2025-12-12 19:37:58.578558,57.4,57.45
2025-12-12 19:37:59.591144,57.38,57.42
2025-12-12 19:38:00.977015,57.41,57.46
2025-12-12 19:38:30.873902,57.42,57.47
2025-12-12 19:38:37.930161,57.44,57.47
2025-12-12 19:38:39.923359,57.41,57.45
2025-12-12 19:38:48.876431,57.42,57.46
2025-12-12 19:38:50.033624,57.43,57.46
2025-12-12 19:38:51.757174,57.42,57.47
2025-12-12 19:38:52.696616,57.42,57.45
2025-12-12 19:38:55.309980,57.42,57.46
2025-12-12 19:38:56.982185,57.43,57.46
2025-12-12 19:38:59.628534,57.4,57.44
2025-12-12 19:39:01.173841,57.42,57.46
2025-12-12 19:39:03.714533,57.4,57.45
2025-12-12 19:39:06.287036,57.4,57.44
2025-12-12 19:39:06.844389,57.41,57.45
2025-12-12 19:39:09.480996,57.44,57.47
2025-12-12 19:39:13.900472,57.41,57.46
2025-12-12 19:39:19.778992,57.44,57.47
2025-12-12 19:39:20.759967,57.41,57.45
2025-12-12 19:39:24.549113,57.43,57.47
2025-12-12 19:39:36.327137,57.43,57.48
2025-12-12 19:39:41.203749,57.43,57.47
2025-12-12 19:39:41.939422,57.43,57.48
2025-12-12 19:39:47.784154,57.44,57.47
2025-12-12 19:39:54.731272,57.43,57.47
2025-12-12 19:39:55.358387,57.44,57.47
2025-12-12 19:39:56.519177,57.43,57.48
2025-12-12 19:39:57.668545,57.44,57.48
2025-12-12 19:39:59.836965,57.43,57.48
2025-12-12 19:40:02.709051,57.41,57.44
2025-12-12 19:40:03.504091,57.43,57.48
2025-12-12 19:40:04.632705,57.44,57.48
2025-12-12 19:40:21.569730,57.43,57.47
2025-12-12 19:40:23.716985,57.44,57.48
2025-12-12 19:40:24.753596,57.44,57.49
2025-12-12 19:40:30.446183,57.44,57.47
2025-12-12 19:40:33.544038,57.41,57.46
2025-12-12 19:40:42.385626,57.42,57.46
2025-12-12 19:40:49.027968,57.43,57.48
2025-12-12 19:40:50.019041,57.43,57.46
2025-12-12 19:40:50.513715,57.41,57.45
2025-12-12 19:42:49.590861,57.43,57.48
2025-12-14 23:07:43.345824,57.45,57.48
2025-12-14 23:07:44.713477,57.46,57.49
2025-12-14 23:08:10.109224,57.44,57.48
2025-12-14 23:08:13.182604,57.46,57.49
2025-12-14 23:08:13.367872,57.46,57.5
2025-12-14 23:08:14.676865,57.45,57.48
2025-12-14 23:08:15.180915,57.44,57.48
2025-12-14 23:08:18.013505,57.46,57.49
2025-12-14 23:08:23.133487,57.44,57.47
2025-12-14 23:08:25.385189,57.44,57.48
2025-12-14 23:08:26.970552,57.46,57.51
2025-12-14 23:08:27.650178,57.45,57.48
2025-12-14 23:08:40.601709,57.46,57.5
2025-12-14 23:08:44.658805,57.46,57.49
2025-12-14 23:08:52.678925,57.46,57.5
2025-12-14 23:09:07.234631,57.46,57.49
2025-12-14 23:09:18.527043,57.45,57.49
2025-12-14 23:09:29.244872,57.44,57.48
2025-12-14 23:09:33.072125,57.43,57.46
2025-12-14 23:09:34.623173,57.44,57.48
2025-12-14 23:09:45.249975,57.45,57.48
2025-12-14 23:09:45.925395,57.42,57.46
2025-12-14 23:09:47.206541,57.42,57.45
2025-12-14 23:09:59.525653,57.45,57.48
2025-12-14 23:10:04.106542,57.43,57.47
2025-12-14 23:10:08.982859,57.46,57.49
2025-12-14 23:10:09.750049,57.43,57.46
2025-12-14 23:10:09.882067,57.45,57.49
2025-12-14 23:10:14.823592,57.44,57.47
2025-12-14 23:10:46.954693,57.45,57.48
2025-12-14 23:11:03.416174,57.44,57.47
2025-12-14 23:11:07.273601,57.46,57.5
2025-12-14 23:11:07.832722,57.44,57.49
2025-12-14 23:11:08.175291,57.48,57.51
2025-12-14 23:11:08.299927,57.48,57.52
2025-12-14 23:12:02.882489,57.47,57.5
2025-12-14 23:12:06.972261,57.48,57.52
2025-12-14 23:12:07.976073,57.48,57.53
2025-12-14 23:12:09.065484,57.48,57.51
2025-12-14 23:12:09.343823,57.48,57.52
2025-12-14 23:12:29.935216,57.48,57.51
2025-12-14 23:12:31.709745,57.51,57.54
2025-12-14 23:18:40.206453,57.58,57.62
2025-12-14 23:19:22.175381,57.59,57.62
2025-12-14 23:19:35.666258,57.58,57.62
2025-12-14 23:19:40.237785,57.57,57.6
2025-12-14 23:19:51.329804,57.56,57.6
2025-12-14 23:20:04.108529,57.56,57.59
2025-12-14 23:21:04.552002,57.55,57.58
2025-12-14 23:21:08.100436,57.55,57.59
2025-12-14 23:21:19.714671,57.55,57.58
2025-12-14 23:21:34.607492,57.57,57.61
2025-12-14 23:21:53.875211,57.56,57.59
2025-12-14 23:22:08.667300,57.57,57.61
2025-12-14 23:22:23.383170,57.58,57.61
2025-12-14 23:38:05.353743,57.64,57.67
2025-12-14 23:38:16.171244,57.61,57.65
2025-12-14 23:38:21.088639,57.63,57.66
2025-12-14 23:38:21.577498,57.62,57.66
2025-12-14 23:38:39.920198,57.63,57.67
2025-12-14 23:38:59.797260,57.64,57.67
2025-12-14 23:39:27.353603,57.63,57.67
2025-12-14 23:39:32.559405,57.63,57.66
2025-12-14 23:40:15.752549,57.62,57.66
2025-12-14 23:40:26.437403,57.58,57.62
2025-12-14 23:40:55.021465,57.6,57.64
2025-12-14 23:40:59.889404,57.61,57.64
2025-12-14 23:41:11.129031,57.6,57.64
2025-12-14 23:41:19.847148,57.6,57.63
2025-12-14 23:41:29.143325,57.59,57.63
2025-12-14 23:41:30.833898,57.59,57.62
2025-12-14 23:41:56.744658,57.59,57.63
2025-12-14 23:44:49.798039,57.6,57.63
2025-12-14 23:44:53.197967,57.58,57.62
2025-12-14 23:44:58.311674,57.58,57.61
2025-12-14 23:44:59.793762,57.6,57.64
2025-12-14 23:45:07.110122,57.6,57.63
2025-12-14 23:45:40.178218,57.6,57.64
2025-12-14 23:45:52.291411,57.63,57.66
2025-12-14 23:45:59.825678,57.63,57.67
2025-12-14 23:46:03.534070,57.62,57.65
2025-12-14 23:46:22.715946,57.62,57.66
2025-12-14 23:46:25.678953,57.6,57.63
2025-12-14 23:47:12.508189,57.62,57.66
2025-12-14 23:47:14.548160,57.63,57.66
2025-12-14 23:47:22.303428,57.62,57.65
2025-12-14 23:47:30.083323,57.62,57.66
2025-12-14 23:47:38.582178,57.62,57.65
2025-12-14 23:47:54.817472,57.63,57.66
2025-12-14 23:48:01.345735,57.59,57.63
2025-12-14 23:48:01.629963,57.59,57.62
2025-12-14 23:48:02.928282,57.61,57.65
2025-12-14 23:48:09.238257,57.6,57.63
2025-12-14 23:48:14.479812,57.58,57.62
2025-12-14 23:48:24.215409,57.6,57.63
2025-12-14 23:48:30.868056,57.59,57.63
2025-12-14 23:48:32.000368,57.6,57.63
2025-12-14 23:48:35.899085,57.57,57.6
2025-12-14 23:48:54.204123,57.59,57.63
2025-12-14 23:48:59.759565,57.6,57.63
2025-12-14 23:49:15.177994,57.57,57.61
2025-12-14 23:49:27.385185,57.57,57.6
2025-12-14 23:50:10.616294,57.58,57.62
2025-12-14 23:50:13.166115,57.56,57.59
2025-12-14 23:50:30.861689,57.56,57.6
2025-12-14 23:50:51.806934,57.56,57.59
2025-12-14 23:51:18.767888,57.59,57.62
2025-12-14 23:54:33.791385,57.59,57.63
2025-12-14 23:55:14.333242,57.58,57.61
2025-12-14 23:55:15.815973,57.57,57.61
2025-12-14 23:55:24.106955,57.59,57.62
2025-12-14 23:56:34.251214,57.56,57.6
2025-12-14 23:57:43.985054,57.59,57.62
2025-12-14 23:58:09.653027,57.6,57.63
2025-12-14 23:58:22.676160,57.57,57.61
2025-12-14 23:58:27.626312,57.57,57.6
2025-12-14 23:59:23.256704,57.56,57.6
2025-12-14 23:59:24.006281,57.57,57.6
2025-12-14 23:59:50.533376,57.59,57.62
2025-12-14 23:59:59.460051,57.56,57.6
2025-12-15 00:00:00.314763,57.59,57.62
2025-12-15 00:00:00.528186,57.59,57.63
2025-12-15 00:00:06.881127,57.58,57.62
2025-12-15 00:00:11.302141,57.62,57.65
2025-12-15 00:00:34.971620,57.61,57.64
2025-12-15 00:00:39.244826,57.6,57.63
2025-12-15 00:00:44.083413,57.61,57.64
2025-12-15 00:00:48.292370,57.63,57.67
2025-12-15 00:00:59.716139,57.64,57.68
2025-12-15 00:01:01.012088,57.6,57.64
2025-12-15 00:01:01.229941,57.63,57.66
2025-12-15 00:01:01.722296,57.62,57.65
2025-12-15 00:01:01.938761,57.6,57.63
2025-12-15 00:01:04.320479,57.61,57.65
2025-12-15 00:01:05.125711,57.59,57.63
2025-12-15 00:01:05.573132,57.59,57.62
2025-12-15 00:01:06.146359,57.6,57.64
2025-12-15 00:01:08.299094,57.59,57.62
2025-12-15 00:01:10.295776,57.61,57.65
2025-12-15 00:01:11.885043,57.59,57.62
2025-12-15 00:01:22.194831,57.61,57.65
2025-12-15 00:01:23.321977,57.62,57.66
2025-12-15 00:01:26.326625,57.61,57.64
2025-12-15 00:01:39.953710,57.6,57.64
2025-12-15 00:01:43.170155,57.6,57.63
2025-12-15 00:02:14.594669,57.61,57.65
2025-12-15 00:02:14.837954,57.62,57.65
2025-12-15 00:02:17.875377,57.61,57.65
2025-12-15 00:02:33.497458,57.62,57.65
2025-12-15 00:02:36.780454,57.61,57.65
2025-12-15 00:02:36.931470,57.58,57.61
2025-12-15 00:03:25.733611,57.59,57.63
2025-12-15 00:03:32.706007,57.6,57.63
2025-12-15 00:03:38.955101,57.57,57.61
2025-12-15 00:03:52.558838,57.58,57.61
2025-12-15 00:04:01.430591,57.61,57.64
2025-12-15 00:04:03.391607,57.6,57.63
2025-12-15 00:04:06.807479,57.6,57.64
2025-12-15 00:04:14.724757,57.59,57.62
2025-12-15 00:04:20.078583,57.6,57.64
2025-12-15 00:04:26.908182,57.59,57.62
2025-12-15 00:04:40.436340,57.58,57.62
2025-12-15 00:04:42.901678,57.59,57.62
2025-12-15 00:04:55.508888,57.59,57.63
2025-12-15 00:04:57.322160,57.57,57.6
2025-12-15 00:05:02.031191,57.59,57.63
2025-12-15 00:05:10.688248,57.57,57.6
2025-12-15 00:05:19.665317,57.59,57.63
2025-12-15 00:05:20.686992,57.57,57.6
2025-12-15 00:05:23.046341,57.59,57.63
2025-12-15 00:05:39.118700,57.6,57.63
2025-12-15 00:05:42.082657,57.59,57.63
2025-12-15 00:05:51.628779,57.6,57.63
2025-12-15 00:05:52.195921,57.57,57.61
2025-12-15 00:05:59.689315,57.58,57.61
2025-12-15 00:06:00.851010,57.57,57.61
2025-12-15 00:06:03.673490,57.58,57.61
2025-12-15 00:06:09.229113,57.57,57.6
2025-12-15 00:06:09.491508,57.6,57.63
2025-12-15 00:06:37.267342,57.6,57.64
2025-12-15 00:06:45.982639,57.59,57.62
2025-12-15 00:06:49.244566,57.58,57.62
2025-12-15 00:07:09.217011,57.58,57.61
2025-12-15 00:07:09.513855,57.56,57.6
2025-12-15 00:07:09.713863,57.59,57.62
2025-12-15 00:07:10.986047,57.56,57.6
2025-12-15 00:07:12.538236,57.55,57.58
2025-12-15 00:07:14.959711,57.55,57.59
2025-12-15 00:07:16.998454,57.56,57.59
2025-12-15 00:07:18.161755,57.57,57.6
2025-12-15 00:07:19.136689,57.56,57.6
2025-12-15 00:07:20.819117,57.55,57.58
2025-12-15 00:07:24.630429,57.56,57.6
2025-12-15 00:07:27.785910,57.57,57.6
2025-12-15 00:07:28.820596,57.54,57.58
2025-12-15 00:07:29.525321,57.57,57.6
2025-12-15 00:07:32.387535,57.56,57.6
2025-12-15 00:07:34.348310,57.55,57.58
2025-12-15 00:07:40.155759,57.53,57.57
2025-12-15 00:07:40.464443,57.54,57.57
2025-12-15 00:07:44.627187,57.54,57.58
2025-12-15 00:07:46.733790,57.55,57.59
2025-12-15 00:08:12.282508,57.56,57.6
2025-12-15 00:08:13.174797,57.56,57.59
2025-12-15 00:08:19.266648,57.55,57.59
2025-12-15 00:08:51.885580,57.55,57.58
2025-12-15 00:08:55.541594,57.53,57.57
2025-12-15 00:09:11.042487,57.55,57.6
2025-12-15 00:09:15.153813,57.57,57.6
2025-12-15 00:09:51.079994,57.56,57.59
2025-12-15 00:10:29.913499,57.53,57.57
2025-12-15 00:10:30.561856,57.55,57.58
2025-12-15 00:10:44.039714,57.53,57.57
2025-12-15 00:10:49.479484,57.56,57.59
2025-12-15 00:10:56.776936,57.55,57.59
2025-12-15 00:12:02.376377,57.54,57.57
2025-12-15 00:12:52.836385,57.56,57.59
2025-12-15 00:12:57.784309,57.56,57.6
2025-12-15 00:13:00.027070,57.59,57.62
2025-12-15 00:13:01.503441,57.58,57.61
2025-12-15 00:13:09.057041,57.57,57.61
2025-12-15 00:14:56.302538,57.55,57.58
2025-12-15 00:14:56.946434,57.56,57.59
2025-12-15 00:14:59.482516,57.57,57.61
2025-12-15 00:16:20.468566,57.58,57.61
2025-12-15 00:16:33.072329,57.56,57.6
2025-12-15 00:17:25.599474,57.57,57.61
2025-12-15 00:17:40.127328,57.6,57.64
2025-12-15 00:17:40.465091,57.61,57.64
2025-12-15 00:17:41.129968,57.58,57.62
2025-12-15 00:17:53.771509,57.61,57.64
2025-12-15 00:18:09.035698,57.59,57.63
2025-12-15 00:18:34.411348,57.58,57.62
2025-12-15 00:18:45.099647,57.59,57.63
2025-12-15 00:18:55.865486,57.6,57.63
2025-12-15 00:19:24.765404,57.59,57.63
2025-12-15 00:19:29.797872,57.57,57.6
2025-12-15 00:19:46.639106,57.59,57.63
2025-12-15 00:19:53.221349,57.6,57.63
2025-12-15 00:19:53.952588,57.61,57.65
2025-12-15 00:20:41.952377,57.62,57.66
2025-12-15 00:20:45.251602,57.6,57.63
2025-12-15 00:22:07.082707,57.59,57.63
2025-12-15 00:22:15.850488,57.6,57.63
2025-12-15 00:22:25.609915,57.6,57.64
2025-12-15 00:22:47.498370,57.62,57.67
2025-12-15 00:23:30.050097,57.61,57.65
2025-12-15 00:23:37.653942,57.63,57.66
2025-12-15 00:23:39.814549,57.61,57.64
2025-12-15 00:23:52.594934,57.59,57.63
2025-12-15 00:25:02.744227,57.6,57.63
2025-12-15 00:25:10.783115,57.6,57.64
2025-12-15 00:25:20.986945,57.61,57.65
2025-12-15 00:25:59.818793,57.62,57.65
2025-12-15 00:26:17.863543,57.59,57.63
2025-12-15 00:26:49.890507,57.62,57.65
2025-12-15 00:26:52.693819,57.61,57.64
2025-12-15 00:26:53.173790,57.62,57.66
2025-12-15 00:26:53.503626,57.63,57.66
2025-12-15 00:26:53.734440,57.62,57.66
2025-12-15 00:26:59.713807,57.61,57.64
2025-12-15 00:28:01.525344,57.63,57.67
2025-12-15 00:28:15.465939,57.61,57.64
2025-12-15 00:28:27.325429,57.63,57.67
2025-12-15 00:28:48.278393,57.64,57.67
2025-12-15 00:28:48.365596,57.65,57.68
2025-12-15 00:29:28.080304,57.63,57.67
2025-12-15 00:29:55.598950,57.66,57.7
2025-12-15 00:30:02.117052,57.64,57.67
2025-12-15 00:30:13.580086,57.64,57.68
2025-12-15 00:30:13.913454,57.65,57.68
2025-12-15 00:30:17.612465,57.66,57.7
2025-12-15 00:38:08.042821,57.66,57.7
2025-12-15 00:38:12.045803,57.66,57.69
2025-12-15 00:43:17.460604,57.63,57.67
2025-12-15 00:44:14.739071,57.64,57.67
2025-12-15 00:44:39.485608,57.65,57.68
2025-12-15 00:44:44.524440,57.63,57.67
2025-12-15 00:44:51.033297,57.66,57.69
2025-12-15 00:45:51.165932,57.64,57.67
2025-12-15 00:45:51.971098,57.66,57.7
2025-12-15 00:45:59.438284,57.64,57.68
2025-12-15 00:45:59.837704,57.66,57.69
2025-12-15 00:46:00.517866,57.67,57.7
2025-12-15 00:46:05.183623,57.68,57.72
2025-12-15 00:46:05.935544,57.69,57.72
2025-12-15 00:46:12.784095,57.68,57.72
2025-12-15 00:47:01.503686,57.69,57.72
2025-12-15 00:47:56.104197,57.68,57.71
2025-12-15 00:48:01.156026,57.68,57.72
2025-12-15 00:48:08.689512,57.66,57.69
2025-12-15 00:51:52.722329,57.63,57.66
2025-12-15 00:52:39.278676,57.66,57.69
2025-12-15 00:52:42.009576,57.65,57.69
2025-12-15 00:53:33.924759,57.66,57.7
2025-12-15 00:54:34.696420,57.64,57.67
2025-12-15 00:54:35.450060,57.64,57.68
2025-12-15 00:54:57.088674,57.65,57.68
2025-12-15 00:55:04.290814,57.66,57.7
2025-12-15 00:55:07.678227,57.67,57.7
2025-12-15 00:56:50.994097,57.67,57.71
2025-12-15 00:58:51.252112,57.67,57.7
2025-12-15 00:58:56.397297,57.66,57.7
2025-12-15 00:58:57.966448,57.65,57.68
2025-12-15 00:58:58.325869,57.66,57.7
2025-12-15 00:58:59.980167,57.67,57.7
2025-12-15 00:59:59.682634,57.64,57.68
2025-12-15 00:59:59.925611,57.64,57.67
2025-12-15 01:00:01.037077,57.62,57.65
2025-12-15 01:00:02.177438,57.61,57.65
2025-12-15 01:00:02.700874,57.61,57.64
2025-12-15 01:00:02.935116,57.63,57.66
2025-12-15 01:00:06.154588,57.61,57.65
2025-12-15 01:00:07.172308,57.63,57.67
2025-12-15 01:00:07.655118,57.61,57.64
2025-12-15 01:00:09.172364,57.6,57.64
2025-12-15 01:00:09.767734,57.63,57.66
2025-12-15 01:00:12.961883,57.63,57.67
2025-12-15 01:00:17.300970,57.62,57.65
2025-12-15 01:00:17.970264,57.64,57.67
2025-12-15 01:00:18.814558,57.63,57.67
2025-12-15 01:00:19.107539,57.62,57.65
2025-12-15 01:00:20.542970,57.63,57.67
2025-12-15 01:00:21.833608,57.63,57.66
2025-12-15 01:00:22.128363,57.6,57.64
2025-12-15 01:00:27.822930,57.61,57.64
2025-12-15 01:00:29.561305,57.63,57.67
2025-12-15 01:00:30.006020,57.61,57.65
2025-12-15 01:00:30.232863,57.63,57.67
2025-12-15 01:00:31.931652,57.64,57.68
2025-12-15 01:00:32.165385,57.63,57.66
2025-12-15 01:00:35.034104,57.63,57.67
2025-12-15 01:00:40.527275,57.67,57.7
2025-12-15 01:00:45.342687,57.64,57.68
2025-12-15 01:01:02.101706,57.65,57.68
2025-12-15 01:01:11.136572,57.66,57.69
2025-12-15 01:01:12.625085,57.65,57.69
2025-12-15 01:01:14.684539,57.68,57.71
2025-12-15 01:01:15.147637,57.65,57.68
2025-12-15 01:01:16.044948,57.64,57.68
2025-12-15 01:01:17.082955,57.65,57.68
2025-12-15 01:01:18.486771,57.66,57.7
2025-12-15 01:01:18.706589,57.64,57.67
2025-12-15 01:01:20.226738,57.66,57.7
2025-12-15 01:01:22.129372,57.65,57.69
2025-12-15 01:01:22.359115,57.66,57.69
2025-12-15 01:01:23.220798,57.67,57.71
2025-12-15 01:01:24.346913,57.68,57.71
2025-12-15 01:01:28.530838,57.65,57.69
2025-12-15 01:01:32.000129,57.66,57.69
2025-12-15 01:01:35.182932,57.65,57.69
2025-12-15 01:01:37.409373,57.66,57.69
2025-12-15 01:01:43.017102,57.65,57.69
2025-12-15 01:01:47.112722,57.67,57.7
2025-12-15 01:01:50.182663,57.66,57.7
2025-12-15 01:01:50.622057,57.65,57.69
2025-12-15 01:01:59.367748,57.66,57.7
2025-12-15 01:02:01.631964,57.64,57.67
2025-12-15 01:02:02.360131,57.63,57.67
2025-12-15 01:02:08.539635,57.63,57.66
2025-12-15 01:02:10.080810,57.63,57.67
2025-12-15 01:02:10.420287,57.63,57.66
2025-12-15 01:02:11.010370,57.63,57.67
2025-12-15 01:02:11.547112,57.65,57.69
2025-12-15 01:02:14.632796,57.64,57.67
2025-12-15 01:02:15.095322,57.62,57.65
2025-12-15 01:02:17.014873,57.64,57.68
2025-12-15 01:02:26.154912,57.62,57.65
2025-12-15 01:02:28.795482,57.62,57.66
2025-12-15 01:02:30.341468,57.63,57.66
2025-12-15 01:02:33.320641,57.64,57.68
2025-12-15 01:02:36.170037,57.63,57.66
2025-12-15 01:02:51.264706,57.63,57.67
2025-12-15 01:02:52.201032,57.64,57.67
2025-12-15 01:03:04.705181,57.65,57.68
2025-12-15 01:03:06.196075,57.64,57.68
2025-12-15 01:03:06.934524,57.62,57.65
2025-12-15 01:03:10.916524,57.62,57.66
2025-12-15 01:03:12.731765,57.65,57.68
2025-12-15 01:03:13.631859,57.62,57.66
2025-12-15 01:03:14.629983,57.65,57.68
2025-12-15 01:03:21.616968,57.65,57.69
2025-12-15 01:03:22.890580,57.65,57.68
2025-12-15 01:03:23.352517,57.63,57.67
2025-12-15 01:03:24.439736,57.64,57.67
2025-12-15 01:03:27.733331,57.66,57.7
2025-12-15 01:03:28.937641,57.66,57.69
2025-12-15 01:03:34.004412,57.64,57.67
2025-12-15 01:03:52.728573,57.65,57.69
2025-12-15 01:03:55.348595,57.65,57.68
2025-12-15 01:03:55.448777,57.62,57.66
2025-12-15 01:04:04.278888,57.65,57.68
2025-12-15 01:04:13.150314,57.65,57.69
2025-12-15 01:04:14.638610,57.64,57.67
2025-12-15 01:04:15.998246,57.63,57.67
2025-12-15 01:04:20.699044,57.64,57.67
2025-12-15 01:04:28.825985,57.63,57.67
2025-12-15 01:04:32.251022,57.65,57.68
2025-12-15 01:04:32.931285,57.63,57.67
2025-12-15 01:04:33.915274,57.63,57.66
2025-12-15 01:04:48.321901,57.62,57.66
2025-12-15 01:04:59.746691,57.62,57.65
2025-12-15 01:05:03.964751,57.62,57.66
2025-12-15 01:05:13.408546,57.63,57.66
2025-12-15 01:05:14.378191,57.62,57.66
2025-12-15 01:05:15.475646,57.65,57.68
2025-12-15 01:05:15.710328,57.63,57.66
2025-12-15 01:05:16.729769,57.63,57.67
2025-12-15 01:05:19.960629,57.65,57.68
2025-12-15 01:05:22.238250,57.63,57.67
2025-12-15 01:05:23.180407,57.64,57.67
2025-12-15 01:05:23.505790,57.65,57.69
2025-12-15 01:05:31.146004,57.66,57.69
2025-12-15 01:05:31.778011,57.65,57.69
2025-12-15 01:05:32.087020,57.65,57.68
2025-12-15 01:05:32.664585,57.63,57.67
2025-12-15 01:05:51.720903,57.63,57.66
2025-12-15 01:05:52.389734,57.62,57.66
2025-12-15 01:05:56.458821,57.63,57.66
2025-12-15 01:05:57.169148,57.62,57.66
2025-12-15 01:05:58.298636,57.64,57.67
2025-12-15 01:06:00.637930,57.64,57.68
2025-12-15 01:06:06.514828,57.61,57.65
2025-12-15 01:06:07.471697,57.64,57.67
2025-12-15 01:06:07.883575,57.64,57.68
2025-12-15 01:06:11.051222,57.63,57.67
2025-12-15 01:06:13.818799,57.6,57.64
2025-12-15 01:06:15.003919,57.63,57.66
2025-12-15 01:06:16.609349,57.6,57.64
2025-12-15 01:06:19.747435,57.62,57.65
2025-12-15 01:06:27.732285,57.6,57.64
2025-12-15 01:06:29.991445,57.6,57.63
2025-12-15 01:06:31.772145,57.61,57.64
2025-12-15 01:06:37.241907,57.61,57.65
2025-12-15 01:06:41.358228,57.62,57.65
2025-12-15 01:06:44.446975,57.64,57.68
2025-12-15 01:06:45.497982,57.64,57.67
2025-12-15 01:06:47.963379,57.62,57.66
2025-12-15 01:07:13.229362,57.61,57.66
2025-12-15 01:07:14.927763,57.64,57.68
2025-12-15 01:07:16.870245,57.62,57.65
2025-12-15 01:07:20.740090,57.63,57.67
2025-12-15 01:07:21.482798,57.63,57.66
2025-12-15 01:07:32.196014,57.64,57.67
2025-12-15 01:07:51.097620,57.61,57.65
2025-12-15 01:07:52.072674,57.61,57.64
2025-12-15 01:07:53.729032,57.62,57.66
2025-12-15 01:08:01.159698,57.61,57.65
2025-12-15 01:08:04.523634,57.62,57.65
2025-12-15 01:08:04.846731,57.61,57.65
2025-12-15 01:08:07.790034,57.64,57.67
2025-12-15 01:08:08.535383,57.65,57.68
2025-12-15 01:08:13.827074,57.64,57.67
2025-12-15 01:08:16.309631,57.62,57.66
2025-12-15 01:08:23.627863,57.65,57.68
2025-12-15 01:08:42.047763,57.62,57.65
2025-12-15 01:08:48.529047,57.64,57.67
2025-12-15 01:08:56.922185,57.63,57.67
2025-12-15 01:08:58.020300,57.61,57.64
2025-12-15 01:08:58.263045,57.62,57.66
2025-12-15 01:09:00.102646,57.63,57.66
2025-12-15 01:09:00.358007,57.6,57.64
2025-12-15 01:09:00.690250,57.63,57.66
2025-12-15 01:09:11.086832,57.6,57.64
2025-12-15 01:09:12.744279,57.63,57.66
2025-12-15 01:09:15.134183,57.62,57.66
2025-12-15 01:09:17.888143,57.62,57.65
2025-12-15 01:09:18.986825,57.62,57.66
2025-12-15 01:09:21.794187,57.62,57.65
2025-12-15 01:09:26.924519,57.6,57.64
2025-12-15 01:09:29.653047,57.62,57.65
2025-12-15 01:09:34.026975,57.6,57.64
2025-12-15 01:09:37.708676,57.6,57.63
2025-12-15 01:09:39.898586,57.62,57.66
2025-12-15 01:09:42.637064,57.61,57.64
2025-12-15 01:09:43.283949,57.6,57.63
2025-12-15 01:09:43.689340,57.6,57.64
2025-12-15 01:09:44.606073,57.61,57.64
2025-12-15 01:09:47.953738,57.63,57.67
2025-12-15 01:09:49.679937,57.61,57.64
2025-12-15 01:09:57.619228,57.63,57.67
2025-12-15 01:10:02.081977,57.62,57.65
2025-12-15 01:10:02.694106,57.63,57.67
2025-12-15 01:10:02.957036,57.62,57.65
2025-12-15 01:10:03.445388,57.63,57.67
2025-12-15 01:10:05.213759,57.61,57.64
2025-12-15 01:10:05.644511,57.62,57.66
2025-12-15 01:10:07.444203,57.63,57.66
2025-12-15 01:10:09.709098,57.62,57.65
2025-12-15 01:10:15.200918,57.6,57.64
2025-12-15 01:10:27.158177,57.6,57.63
2025-12-15 01:10:47.817554,57.6,57.64
2025-12-15 01:10:53.758769,57.63,57.66
2025-12-15 01:11:00.637077,57.61,57.65
2025-12-15 01:11:03.413426,57.61,57.64
2025-12-15 01:11:04.383432,57.63,57.67
2025-12-15 01:11:09.082752,57.62,57.65
2025-12-15 01:11:10.278368,57.63,57.67
2025-12-15 01:11:10.663791,57.64,57.68
2025-12-15 01:11:11.992782,57.64,57.67
2025-12-15 01:11:16.331496,57.63,57.67
2025-12-15 01:11:23.796641,57.63,57.66
2025-12-15 01:11:25.163871,57.61,57.65
2025-12-15 01:11:27.212875,57.63,57.66
2025-12-15 01:11:29.878336,57.6,57.64
2025-12-15 01:11:37.336983,57.62,57.65
2025-12-15 01:11:39.517440,57.63,57.66
2025-12-15 01:11:41.501633,57.6,57.64
2025-12-15 01:11:56.870003,57.6,57.63
2025-12-15 01:11:58.194645,57.6,57.64
2025-12-15 01:11:59.068141,57.6,57.63
2025-12-15 01:12:02.660737,57.6,57.64
2025-12-15 01:12:04.570866,57.6,57.63
2025-12-15 01:12:09.971948,57.61,57.65
2025-12-15 01:12:10.935697,57.6,57.63
2025-12-15 01:12:19.569595,57.61,57.65
2025-12-15 01:12:21.112568,57.59,57.63
2025-12-15 01:12:22.186348,57.62,57.65
2025-12-15 01:12:33.283713,57.62,57.66
2025-12-15 01:12:35.738167,57.63,57.66
2025-12-15 01:15:38.029697,57.62,57.65
2025-12-15 01:15:47.659853,57.61,57.64
2025-12-15 01:15:49.329767,57.62,57.65
2025-12-15 01:15:50.374936,57.61,57.65
2025-12-15 01:15:52.957078,57.62,57.66
2025-12-15 01:16:13.842468,57.64,57.67
2025-12-15 01:16:18.510001,57.63,57.67
2025-12-15 01:16:19.188077,57.62,57.65
2025-12-15 01:16:31.723380,57.64,57.67
2025-12-15 01:16:43.403227,57.64,57.68
2025-12-15 01:19:01.157180,57.63,57.66
2025-12-15 01:19:01.892084,57.63,57.67
2025-12-15 01:19:30.878440,57.63,57.66
2025-12-15 01:19:40.302287,57.63,57.67
2025-12-15 01:19:42.796555,57.66,57.69
2025-12-15 01:19:46.371886,57.65,57.68
2025-12-15 01:19:47.114946,57.63,57.67
2025-12-15 01:20:04.143179,57.64,57.67
2025-12-15 01:20:08.034593,57.65,57.68
2025-12-15 01:20:10.178835,57.63,57.67
2025-12-15 01:20:13.068923,57.64,57.67
2025-12-15 01:20:19.179188,57.66,57.7
2025-12-15 01:20:24.040884,57.66,57.69
2025-12-15 01:20:26.673556,57.66,57.7
2025-12-15 01:20:29.220023,57.64,57.67
2025-12-15 01:20:32.534276,57.64,57.68
2025-12-15 01:20:35.251720,57.64,57.67
2025-12-15 01:20:45.299925,57.65,57.69
2025-12-15 01:21:00.706958,57.65,57.68
2025-12-15 01:21:15.635727,57.65,57.69
2025-12-15 01:21:22.717985,57.62,57.66
2025-12-15 01:21:29.815035,57.63,57.66
2025-12-15 01:21:35.701707,57.62,57.66
2025-12-15 01:21:51.663310,57.62,57.65
2025-12-15 01:22:11.888849,57.62,57.66
2025-12-15 01:22:41.550186,57.62,57.66
2025-12-15 01:22:43.473211,57.62,57.65
2025-12-15 01:22:44.033515,57.62,57.66
2025-12-15 01:22:45.172170,57.64,57.67
2025-12-15 01:22:46.987423,57.63,57.66
2025-12-15 01:22:51.737725,57.65,57.68
2025-12-15 01:22:59.618268,57.62,57.65
2025-12-15 01:23:16.444419,57.64,57.68
2025-12-15 01:23:18.059518,57.65,57.68
2025-12-15 01:23:25.638102,57.64,57.68
2025-12-15 01:23:31.115725,57.65,57.68
2025-12-15 01:23:35.634639,57.64,57.67
2025-12-15 01:23:43.356454,57.65,57.68
2025-12-15 01:24:04.572688,57.65,57.69
2025-12-15 01:24:06.049585,57.64,57.67
2025-12-15 01:24:20.761248,57.63,57.67
2025-12-15 01:24:38.848539,57.63,57.66
2025-12-15 01:24:39.253256,57.63,57.67
2025-12-15 01:25:00.466217,57.65,57.68
2025-12-15 01:25:01.453423,57.65,57.69
2025-12-15 01:25:19.364733,57.63,57.67
2025-12-15 01:25:21.754305,57.63,57.66
2025-12-15 01:25:45.028403,57.63,57.67
2025-12-15 01:25:50.094151,57.66,57.7
2025-12-15 01:26:52.108740,57.63,57.67
2025-12-15 01:27:07.018935,57.64,57.68
2025-12-15 01:27:13.834331,57.62,57.65
2025-12-15 01:27:21.485160,57.63,57.67
2025-12-15 01:27:21.667599,57.65,57.69
2025-12-15 01:27:34.575207,57.62,57.66
2025-12-15 01:27:47.411819,57.63,57.67
2025-12-15 01:27:48.338516,57.65,57.69
2025-12-15 01:27:49.525423,57.63,57.66
2025-12-15 01:27:59.290927,57.63,57.67
2025-12-15 01:28:00.026948,57.65,57.69
2025-12-15 01:28:02.556643,57.63,57.66
2025-12-15 01:28:23.278008,57.65,57.69
2025-12-15 01:29:09.494260,57.63,57.67
2025-12-15 01:29:11.537724,57.63,57.66
2025-12-15 01:29:15.406705,57.63,57.67
2025-12-15 01:29:30.087814,57.66,57.69
2025-12-15 01:29:37.955737,57.65,57.69
2025-12-15 01:29:49.672370,57.64,57.68
2025-12-15 01:29:57.176962,57.67,57.7
2025-12-15 01:29:58.483517,57.64,57.68
2025-12-15 01:29:59.697265,57.66,57.69
2025-12-15 01:30:00.816473,57.64,57.67
2025-12-15 01:30:20.727100,57.65,57.69
2025-12-15 01:30:21.917977,57.66,57.69
2025-12-15 01:30:23.810634,57.66,57.7
2025-12-15 01:30:24.288387,57.69,57.73
2025-12-15 01:30:31.182487,57.67,57.7
2025-12-15 01:30:32.152805,57.69,57.73
2025-12-15 01:30:35.663205,57.7,57.73
2025-12-15 01:30:36.760939,57.67,57.71
2025-12-15 01:30:38.799248,57.67,57.7
2025-12-15 01:30:44.308912,57.69,57.73
2025-12-15 01:30:46.286409,57.67,57.7
2025-12-15 01:30:57.870783,57.69,57.73
2025-12-15 01:31:01.690078,57.7,57.73
2025-12-15 01:31:02.422484,57.68,57.71
2025-12-15 01:31:14.600785,57.68,57.72
2025-12-15 01:31:16.063094,57.71,57.74
2025-12-15 01:31:19.225643,57.7,57.74
2025-12-15 01:33:57.256502,57.66,57.7
2025-12-15 01:34:01.478353,57.67,57.7
2025-12-15 01:34:13.946956,57.68,57.72
2025-12-15 01:34:20.605512,57.68,57.71
2025-12-15 01:35:12.528450,57.67,57.7
2025-12-15 01:35:22.521629,57.68,57.72
2025-12-15 01:35:33.042022,57.66,57.69
2025-12-15 01:35:52.297785,57.68,57.72
2025-12-15 01:35:57.484292,57.67,57.7
2025-12-15 01:35:57.773051,57.68,57.72
2025-12-15 01:36:02.434129,57.68,57.71
2025-12-15 01:36:07.992877,57.66,57.7
2025-12-15 01:36:09.481885,57.67,57.7
2025-12-15 01:36:11.367820,57.66,57.7
2025-12-15 01:36:12.157034,57.66,57.69
2025-12-15 01:37:12.728247,57.67,57.71
2025-12-15 01:37:42.462502,57.64,57.68
2025-12-15 01:37:50.763513,57.66,57.7
2025-12-15 01:37:50.770480,57.67,57.7
2025-12-15 01:37:56.402736,57.64,57.68
2025-12-15 01:37:58.700486,57.66,57.69
2025-12-15 01:38:06.367432,57.64,57.68
2025-12-15 01:38:07.401755,57.67,57.7
2025-12-15 01:38:15.250747,57.64,57.68
2025-12-15 01:38:17.572711,57.66,57.69
2025-12-15 01:38:20.684108,57.63,57.67
2025-12-15 01:38:26.167443,57.62,57.66
2025-12-15 01:38:31.914711,57.65,57.68
2025-12-15 01:38:32.614433,57.63,57.67
2025-12-15 01:38:35.091918,57.65,57.69
2025-12-15 01:38:42.811124,57.66,57.69
2025-12-15 01:39:48.489866,57.65,57.69
2025-12-15 01:39:50.386115,57.64,57.67
2025-12-15 01:40:01.564736,57.63,57.67
2025-12-15 01:40:02.563484,57.63,57.66
2025-12-15 01:40:14.593251,57.64,57.68
2025-12-15 01:40:15.206827,57.63,57.66
2025-12-15 01:40:47.856171,57.62,57.66
2025-12-15 01:41:28.186638,57.65,57.69
2025-12-15 01:41:29.570758,57.65,57.68
2025-12-15 01:42:08.613511,57.62,57.66
2025-12-15 01:42:09.664838,57.64,57.67
2025-12-15 01:42:13.456301,57.64,57.68
2025-12-15 01:42:25.260764,57.61,57.65
2025-12-15 01:42:27.874719,57.63,57.66
2025-12-15 01:42:28.228009,57.61,57.64
2025-12-15 01:42:29.210050,57.63,57.67
2025-12-15 01:42:29.810186,57.63,57.66
2025-12-15 01:42:30.678509,57.63,57.67
2025-12-15 01:42:33.976752,57.63,57.66
2025-12-15 01:42:35.076718,57.61,57.65
2025-12-15 01:42:35.894502,57.64,57.67
2025-12-15 01:42:36.881223,57.61,57.65
2025-12-15 01:42:37.296919,57.64,57.67
2025-12-15 01:42:37.933631,57.61,57.65
2025-12-15 01:42:38.202547,57.63,57.66
2025-12-15 01:42:39.405407,57.64,57.67
2025-12-15 01:42:44.230619,57.61,57.65
2025-12-15 01:43:00.470155,57.62,57.66
2025-12-15 01:43:20.992621,57.65,57.69
2025-12-15 01:43:26.629915,57.63,57.66
2025-12-15 01:43:41.558165,57.64,57.68
2025-12-15 01:43:49.899931,57.62,57.65
2025-12-15 01:44:06.885576,57.63,57.67
2025-12-15 01:44:14.742727,57.62,57.65
2025-12-15 01:44:15.729455,57.61,57.65
2025-12-15 01:44:19.270758,57.64,57.67
2025-12-15 01:44:19.872400,57.61,57.65
2025-12-15 01:44:20.599809,57.62,57.65
2025-12-15 01:44:46.562888,57.63,57.67
2025-12-15 01:44:56.161665,57.61,57.64
2025-12-15 01:45:00.523742,57.61,57.65
2025-12-15 01:45:02.009726,57.62,57.65
2025-12-15 01:45:23.663646,57.62,57.66
2025-12-15 01:45:24.412045,57.65,57.68
2025-12-15 01:46:31.403364,57.65,57.69
2025-12-15 01:47:01.315193,57.63,57.66
2025-12-15 01:48:02.588083,57.64,57.68
2025-12-15 01:48:21.631480,57.65,57.68
2025-12-15 01:49:07.290870,57.65,57.69
2025-12-15 01:49:09.145349,57.66,57.69
2025-12-15 01:49:12.859915,57.65,57.69
2025-12-15 01:49:13.109211,57.65,57.68
2025-12-15 01:49:14.733631,57.63,57.67
2025-12-15 01:49:26.688873,57.66,57.69
2025-12-15 01:50:25.725862,57.65,57.69
2025-12-15 01:59:45.308872,57.66,57.69
2025-12-15 01:59:46.815094,57.64,57.68
2025-12-15 01:59:59.713131,57.67,57.7
2025-12-15 02:00:11.528377,57.65,57.69
2025-12-15 02:00:24.068893,57.66,57.7
2025-12-15 02:00:25.164865,57.67,57.7
2025-12-15 02:00:53.199013,57.65,57.69
2025-12-15 02:01:00.144802,57.66,57.69
2025-12-15 02:01:07.711616,57.64,57.68
2025-12-15 02:01:12.503285,57.64,57.67
2025-12-15 02:01:13.544790,57.66,57.7
2025-12-15 02:01:32.252109,57.64,57.67
2025-12-15 02:01:32.512771,57.67,57.7
2025-12-15 02:01:40.934065,57.64,57.68
2025-12-15 02:01:48.521898,57.65,57.68
2025-12-15 02:02:28.218282,57.67,57.71
2025-12-15 02:02:28.971618,57.68,57.71
2025-12-15 02:16:29.898630,57.74,57.78
2025-12-15 02:17:52.003488,57.75,57.79
2025-12-15 02:17:55.390317,57.77,57.8
2025-12-15 02:17:57.409704,57.77,57.81
2025-12-15 02:19:08.950764,57.75,57.78
2025-12-15 02:19:51.569031,57.77,57.81
2025-12-15 02:19:56.563190,57.79,57.82
2025-12-15 02:20:47.682534,57.77,57.81
2025-12-15 02:20:51.484767,57.77,57.8
2025-12-15 02:20:59.955656,57.78,57.82
2025-12-15 02:21:15.306532,57.75,57.79
2025-12-15 02:21:54.046846,57.74,57.77
2025-12-15 02:21:54.352990,57.76,57.8
2025-12-15 02:22:00.363276,57.77,57.8
2025-12-15 02:22:00.644892,57.74,57.78
2025-12-15 02:22:07.015101,57.74,57.77
2025-12-15 02:22:18.912220,57.73,57.77
2025-12-15 02:26:47.201641,57.76,57.79
2025-12-15 02:26:59.883926,57.75,57.79
2025-12-15 02:27:03.413753,57.73,57.76
2025-12-15 02:27:11.844079,57.73,57.77
2025-12-15 02:27:52.204634,57.74,57.78
2025-12-15 02:28:15.374172,57.73,57.77
2025-12-15 02:30:02.926256,57.73,57.77
2025-12-15 02:30:04.515177,57.75,57.78
2025-12-15 02:30:05.195103,57.75,57.79
2025-12-15 02:30:11.404595,57.74,57.77
2025-12-15 02:30:12.216739,57.73,57.77
2025-12-15 02:30:12.523925,57.75,57.78
2025-12-15 02:30:13.173922,57.73,57.77
2025-12-15 02:30:17.658781,57.75,57.78
2025-12-15 02:30:19.164317,57.75,57.79
2025-12-15 02:30:20.421651,57.75,57.78
2025-12-15 02:30:27.266135,57.74,57.77
2025-12-15 02:30:30.136242,57.75,57.79
2025-12-15 02:30:31.865966,57.76,57.79
2025-12-15 02:30:37.285818,57.73,57.77
2025-12-15 02:30:57.494862,57.72,57.76
2025-12-15 02:31:01.695464,57.75,57.78
2025-12-15 02:31:15.710037,57.73,57.77
2025-12-15 02:31:45.592702,57.74,57.77
2025-12-15 02:31:46.797171,57.73,57.76
2025-12-15 02:31:47.269136,57.73,57.77
2025-12-15 02:31:48.774664,57.73,57.76
2025-12-15 02:31:49.147956,57.73,57.77
2025-12-15 02:31:50.014684,57.76,57.79
2025-12-15 02:31:52.667378,57.73,57.76
2025-12-15 02:32:28.201205,57.72,57.76
2025-12-15 02:32:46.219261,57.75,57.79
2025-12-15 02:33:01.059312,57.74,57.77
2025-12-15 02:33:01.797328,57.73,57.77
2025-12-15 02:33:17.142788,57.73,57.76
2025-12-15 02:33:28.345874,57.73,57.77
2025-12-15 02:33:39.481175,57.74,57.77
2025-12-15 02:35:14.425867,57.72,57.76
2025-12-15 02:35:41.546721,57.75,57.79
2025-12-15 02:35:47.678297,57.74,57.78
2025-12-15 02:36:05.145359,57.75,57.78
2025-12-15 02:36:07.564674,57.72,57.76
2025-12-15 02:36:09.381364,57.75,57.78
2025-12-15 02:36:10.137900,57.74,57.78
2025-12-15 02:36:13.399360,57.73,57.76
2025-12-15 02:36:17.645959,57.74,57.78
2025-12-15 02:36:21.294213,57.74,57.77
2025-12-15 02:36:39.712059,57.72,57.76
2025-12-15 02:36:42.593331,57.73,57.76
2025-12-15 02:36:50.688876,57.72,57.75
2025-12-15 02:36:52.866154,57.73,57.77
2025-12-15 02:36:59.404534,57.73,57.76
2025-12-15 02:36:59.883460,57.71,57.75
2025-12-15 02:37:00.361105,57.71,57.74
2025-12-15 02:37:00.826073,57.73,57.77
2025-12-15 02:37:27.978019,57.72,57.76
2025-12-15 02:37:28.651799,57.72,57.75
2025-12-15 02:37:31.376616,57.75,57.78
2025-12-15 02:37:32.441566,57.74,57.77
2025-12-15 02:37:47.502896,57.74,57.78
2025-12-15 02:37:58.648562,57.72,57.75
2025-12-15 02:38:19.182772,57.72,57.76
2025-12-15 02:38:35.637206,57.72,57.75
2025-12-15 02:38:59.436045,57.73,57.77
2025-12-15 02:39:33.446694,57.71,57.74
2025-12-15 02:39:39.591667,57.73,57.77
2025-12-15 02:39:41.541532,57.7,57.73
2025-12-15 02:40:12.503363,57.73,57.77
2025-12-15 02:40:22.181088,57.71,57.74
2025-12-15 02:40:36.783821,57.71,57.75
2025-12-15 02:40:37.542122,57.71,57.74
2025-12-15 02:40:39.935243,57.71,57.75
2025-12-15 02:40:42.419994,57.72,57.75
2025-12-15 02:41:50.046248,57.72,57.76
2025-12-15 02:42:01.838661,57.74,57.78
2025-12-15 02:42:02.512780,57.72,57.75
2025-12-15 02:42:05.924058,57.74,57.78
2025-12-15 02:42:09.734830,57.73,57.76
2025-12-15 02:42:12.940644,57.75,57.79
2025-12-15 02:43:00.639379,57.74,57.77
2025-12-15 02:43:03.725997,57.73,57.77
2025-12-15 02:43:58.329885,57.73,57.76
2025-12-15 02:44:05.983649,57.75,57.79
2025-12-15 02:44:21.798772,57.75,57.78
2025-12-15 02:44:41.414471,57.73,57.77
2025-12-15 02:44:42.165897,57.76,57.79
2025-12-15 02:44:45.010468,57.75,57.79
2025-12-15 02:44:48.039000,57.75,57.78
2025-12-15 02:44:51.838631,57.75,57.79
2025-12-15 02:44:53.913755,57.73,57.76
2025-12-15 02:45:02.700158,57.75,57.79
2025-12-15 02:45:03.950147,57.73,57.76
2025-12-15 02:45:15.873726,57.72,57.76
2025-12-15 02:46:06.881306,57.72,57.75
2025-12-15 02:47:45.741024,57.73,57.77
2025-12-15 02:47:46.106536,57.72,57.75
2025-12-15 02:47:51.652297,57.71,57.75
2025-12-15 02:47:56.037750,57.72,57.76
2025-12-15 02:48:14.357327,57.71,57.74
2025-12-15 02:48:50.256477,57.69,57.73
2025-12-15 02:48:51.903151,57.69,57.72
2025-12-15 02:48:52.382438,57.69,57.73
2025-12-15 02:48:56.886486,57.69,57.72
2025-12-15 02:49:14.594800,57.69,57.73
2025-12-15 02:49:18.461091,57.72,57.75
2025-12-15 02:49:19.728963,57.71,57.75
2025-12-15 02:49:22.735743,57.69,57.72
2025-12-15 02:50:13.516200,57.7,57.74
2025-12-15 02:50:35.336232,57.69,57.73
2025-12-15 02:50:36.822326,57.67,57.71
2025-12-15 02:50:47.047421,57.68,57.71
2025-12-15 02:51:43.013512,57.69,57.73
2025-12-15 02:51:43.809617,57.67,57.7
2025-12-15 02:51:44.903119,57.69,57.73
2025-12-15 02:51:45.645630,57.68,57.71
2025-12-15 02:51:46.165281,57.67,57.71
2025-12-15 02:51:52.567572,57.7,57.73
2025-12-15 02:51:56.011731,57.69,57.73
2025-12-15 02:51:57.391378,57.68,57.71
2025-12-15 02:52:21.007122,57.67,57.71
2025-12-15 02:52:22.798221,57.69,57.72
2025-12-15 02:52:23.850296,57.67,57.71
2025-12-15 02:52:36.714609,57.68,57.72
2025-12-15 02:52:48.636239,57.69,57.73
2025-12-15 02:53:00.343907,57.72,57.75
2025-12-15 02:53:55.483117,57.69,57.73
2025-12-15 02:54:13.272123,57.69,57.72
2025-12-15 02:54:23.284870,57.7,57.73
2025-12-15 02:54:49.662309,57.71,57.75
2025-12-15 02:55:01.070511,57.72,57.75
2025-12-15 02:55:17.693558,57.69,57.73
2025-12-15 02:55:18.089945,57.7,57.73
2025-12-15 02:55:34.511427,57.71,57.75
2025-12-15 02:55:40.397611,57.7,57.73
2025-12-15 02:55:42.980584,57.71,57.75
2025-12-15 02:55:49.421574,57.71,57.74
2025-12-15 02:56:01.750451,57.69,57.73
2025-12-15 02:56:02.515369,57.71,57.74
2025-12-15 02:56:06.366238,57.71,57.75
2025-12-15 02:57:05.958794,57.7,57.73
2025-12-15 02:59:05.388149,57.69,57.72
2025-12-15 03:00:08.983591,57.67,57.71
2025-12-15 03:00:09.723015,57.68,57.71
2025-12-15 03:00:41.731014,57.68,57.72
2025-12-15 03:00:42.611230,57.69,57.72
2025-12-15 03:01:02.859319,57.71,57.75
2025-12-15 03:02:01.860856,57.7,57.73
2025-12-15 03:02:59.884126,57.7,57.74
2025-12-15 03:03:05.094721,57.71,57.75
2025-12-15 03:04:39.065280,57.72,57.75
2025-12-15 03:04:42.322881,57.73,57.77
2025-12-15 03:04:50.960937,57.72,57.76
2025-12-15 03:04:56.452084,57.74,57.77
2025-12-15 03:04:57.672898,57.74,57.78
2025-12-15 03:04:59.612311,57.74,57.77
2025-12-15 03:05:13.338154,57.73,57.77
2025-12-15 03:05:13.746442,57.71,57.74
2025-12-15 03:05:14.332593,57.72,57.75
2025-12-15 03:06:04.137907,57.71,57.75
2025-12-15 03:07:05.287177,57.72,57.76
2025-12-15 03:07:15.716072,57.71,57.74
2025-12-15 03:07:54.932419,57.71,57.75
2025-12-15 03:07:59.587107,57.73,57.76
2025-12-15 03:08:44.206524,57.72,57.76
2025-12-15 03:08:47.172199,57.72,57.75
2025-12-15 03:08:56.970076,57.7,57.74
2025-12-15 03:08:57.967990,57.73,57.76
2025-12-15 03:08:59.646487,57.72,57.76
2025-12-15 03:09:37.724898,57.7,57.73
2025-12-15 03:09:55.952517,57.7,57.74
2025-12-15 03:10:01.465483,57.7,57.73
2025-12-15 03:10:03.475856,57.71,57.74
2025-12-15 03:10:34.280185,57.7,57.74
2025-12-15 03:10:51.402877,57.7,57.73
2025-12-15 03:10:52.265684,57.72,57.76
2025-12-15 03:10:57.687137,57.73,57.76
2025-12-15 03:10:59.667676,57.72,57.76
2025-12-15 03:11:04.554491,57.7,57.73
2025-12-15 03:11:14.844600,57.7,57.74
2025-12-15 03:11:21.588955,57.73,57.76
2025-12-15 03:11:29.003615,57.72,57.76
2025-12-15 03:11:30.166092,57.72,57.75
2025-12-15 03:11:30.463230,57.72,57.76
2025-12-15 03:11:41.425811,57.7,57.73
2025-12-15 03:11:42.686173,57.7,57.74
2025-12-15 03:11:57.991846,57.7,57.73
2025-12-15 03:12:11.016369,57.72,57.76
2025-12-15 03:12:15.111943,57.7,57.73
2025-12-15 03:12:51.962806,57.72,57.76
2025-12-15 03:14:34.282848,57.72,57.75
2025-12-15 03:14:35.295108,57.7,57.74
2025-12-15 03:14:40.464601,57.73,57.76
2025-12-15 03:14:51.407617,57.72,57.76
2025-12-15 03:15:02.149283,57.7,57.73
2025-12-15 03:15:35.474857,57.73,57.76
2025-12-15 03:15:44.065381,57.72,57.76
2025-12-15 03:15:48.720860,57.71,57.74
2025-12-15 03:16:11.087179,57.7,57.74
2025-12-15 03:16:13.358331,57.71,57.74
2025-12-15 03:16:59.176737,57.74,57.77
2025-12-15 03:17:31.677870,57.71,57.75
2025-12-15 03:17:44.209855,57.74,57.77
2025-12-15 03:18:28.811905,57.74,57.78
2025-12-15 03:18:32.928062,57.72,57.75
2025-12-15 03:18:33.200745,57.74,57.77
2025-12-15 03:18:35.259736,57.74,57.78
2025-12-15 03:18:36.385239,57.75,57.78
2025-12-15 03:19:11.522892,57.74,57.77
2025-12-15 03:19:15.326540,57.75,57.78
2025-12-15 03:19:33.837555,57.72,57.76
2025-12-15 03:20:01.138123,57.74,57.78
2025-12-15 03:20:02.736116,57.75,57.78
2025-12-15 03:20:03.090217,57.74,57.78
2025-12-15 03:20:11.472048,57.75,57.78
2025-12-15 03:21:09.834739,57.74,57.78
2025-12-15 03:22:12.049207,57.73,57.77
2025-12-15 03:23:22.345069,57.74,57.77
2025-12-15 03:24:02.823130,57.71,57.75
2025-12-15 03:26:19.846249,57.72,57.75
2025-12-15 03:26:28.759968,57.73,57.77
2025-12-15 03:26:42.748124,57.71,57.74
2025-12-15 03:27:40.160221,57.72,57.76
2025-12-15 03:27:46.954709,57.72,57.75
2025-12-15 03:27:50.842995,57.7,57.74
2025-12-15 03:27:53.481808,57.72,57.75
2025-12-15 03:28:02.261616,57.7,57.74
2025-12-15 03:28:05.917016,57.7,57.73
2025-12-15 03:28:17.377854,57.72,57.76
2025-12-15 03:28:19.216402,57.72,57.75
2025-12-15 03:28:20.331140,57.7,57.74
2025-12-15 03:28:39.630667,57.7,57.73
2025-12-15 03:28:45.790126,57.72,57.76
2025-12-15 03:28:47.376822,57.73,57.76
2025-12-15 03:29:24.016977,57.7,57.74
2025-12-15 03:29:27.839720,57.7,57.73
2025-12-15 03:29:28.509019,57.72,57.76
2025-12-15 03:29:31.623707,57.7,57.73
2025-12-15 03:29:45.305794,57.72,57.76
2025-12-15 03:29:50.272379,57.71,57.74
2025-12-15 03:30:12.571197,57.73,57.77
2025-12-15 03:30:17.104968,57.72,57.75
2025-12-15 03:31:24.344900,57.71,57.75
2025-12-15 03:32:09.198282,57.73,57.76
2025-12-15 03:34:42.822028,57.72,57.76
2025-12-15 03:34:43.873911,57.72,57.75
2025-12-15 03:34:44.128814,57.72,57.76
2025-12-15 03:34:48.356009,57.75,57.78
2025-12-15 03:35:35.881338,57.74,57.78
2025-12-15 03:36:27.076663,57.73,57.76
2025-12-15 03:36:30.459986,57.72,57.76
2025-12-15 03:36:51.953041,57.72,57.75
2025-12-15 03:36:52.259253,57.72,57.76
2025-12-15 03:37:01.095342,57.71,57.75
2025-12-15 03:37:03.869342,57.71,57.74
2025-12-15 03:40:09.503299,57.71,57.75
2025-12-15 03:40:10.273771,57.73,57.76
2025-12-15 03:40:24.276174,57.71,57.75
2025-12-15 03:40:34.347609,57.73,57.76
2025-12-15 03:40:38.490420,57.73,57.77
2025-12-15 03:40:40.982613,57.72,57.75
2025-12-15 03:40:44.048271,57.73,57.77
2025-12-15 03:43:21.068959,57.7,57.74
2025-12-15 03:44:06.233502,57.71,57.75
2025-12-15 03:44:47.282913,57.74,57.78
2025-12-15 03:44:50.263724,57.72,57.76
2025-12-15 03:44:51.907108,57.74,57.77
2025-12-15 03:45:01.786754,57.73,57.77
2025-12-15 03:45:47.752547,57.74,57.77
2025-12-15 03:46:06.430359,57.72,57.76
2025-12-15 03:46:52.118071,57.73,57.77
2025-12-15 03:47:00.261891,57.73,57.76
2025-12-15 03:47:29.594190,57.71,57.75
2025-12-15 03:47:33.608537,57.71,57.74
2025-12-15 03:48:03.749915,57.73,57.76
2025-12-15 03:49:12.426261,57.69,57.73
2025-12-15 03:51:22.137222,57.7,57.74
2025-12-15 03:51:28.345084,57.69,57.73
2025-12-15 03:51:28.703592,57.69,57.72
2025-12-15 03:51:29.013249,57.67,57.71
2025-12-15 03:51:30.230871,57.68,57.71
2025-12-15 03:53:08.612314,57.67,57.71
2025-12-15 03:53:12.863889,57.69,57.72
2025-12-15 03:53:14.331095,57.69,57.73
2025-12-15 03:53:16.567045,57.67,57.7
2025-12-15 03:53:18.222421,57.67,57.71
2025-12-15 03:53:19.840904,57.69,57.72
2025-12-15 03:53:59.350721,57.67,57.71
2025-12-15 03:53:59.673738,57.69,57.72
2025-12-15 03:54:03.524257,57.69,57.73
2025-12-15 03:54:05.624337,57.67,57.7
2025-12-15 03:54:11.503424,57.69,57.73
2025-12-15 03:54:17.563621,57.69,57.72
2025-12-15 03:55:38.998383,57.7,57.73
2025-12-15 03:57:00.974109,57.69,57.73
2025-12-15 03:57:12.397450,57.69,57.72
2025-12-15 03:57:40.734932,57.68,57.71
2025-12-15 03:57:52.523049,57.7,57.74
2025-12-15 04:01:26.792523,57.71,57.75
2025-12-15 04:01:27.542449,57.72,57.76
2025-12-15 04:01:32.166944,57.71,57.75
2025-12-15 04:01:56.510291,57.7,57.74
2025-12-15 04:02:26.231931,57.73,57.77
2025-12-15 04:02:41.138821,57.74,57.77
2025-12-15 04:02:46.116148,57.73,57.76
2025-12-15 04:02:46.863701,57.72,57.76
2025-12-15 04:02:53.229061,57.74,57.78
2025-12-15 04:02:59.424545,57.72,57.76
2025-12-15 04:03:07.836904,57.72,57.75
2025-12-15 04:03:13.112780,57.74,57.78
2025-12-15 04:03:16.811158,57.72,57.76
2025-12-15 04:03:24.902626,57.75,57.79
2025-12-15 04:03:25.415659,57.74,57.77
2025-12-15 04:03:28.687001,57.75,57.79
2025-12-15 04:05:10.564663,57.72,57.76
2025-12-15 04:05:13.025197,57.73,57.76
2025-12-15 04:05:14.246494,57.72,57.76
2025-12-15 04:05:42.945706,57.73,57.76
2025-12-15 04:05:45.421646,57.72,57.76
2025-12-15 04:06:17.379476,57.75,57.78
2025-12-15 04:09:24.518756,57.72,57.76
2025-12-15 04:09:27.602645,57.73,57.76
2025-12-15 04:11:07.905252,57.74,57.78
2025-12-15 04:11:13.365821,57.73,57.76
2025-12-15 04:11:23.111907,57.72,57.76
2025-12-15 04:11:25.334895,57.72,57.75
2025-12-15 04:12:00.414933,57.71,57.75
2025-12-15 04:13:40.752046,57.71,57.74
2025-12-15 04:13:42.483394,57.69,57.73
2025-12-15 04:13:43.164553,57.71,57.74
2025-12-15 04:14:25.867851,57.72,57.76
2025-12-15 04:14:30.611564,57.71,57.75
2025-12-15 04:14:33.573144,57.74,57.77
2025-12-15 04:14:43.249616,57.73,57.77
2025-12-15 04:15:56.004254,57.72,57.76
2025-12-15 04:16:07.070232,57.75,57.78
2025-12-15 04:16:44.331814,57.74,57.78
2025-12-15 04:16:50.115837,57.75,57.78
2025-12-15 04:17:00.675504,57.74,57.77
2025-12-15 04:18:00.067071,57.71,57.75
2025-12-15 04:19:39.038559,57.7,57.74
2025-12-15 04:20:12.639146,57.7,57.73
2025-12-15 04:20:24.008667,57.7,57.74
2025-12-15 04:20:28.012076,57.71,57.74
2025-12-15 04:22:19.688864,57.73,57.77
2025-12-15 04:22:35.350207,57.71,57.74
2025-12-15 04:22:58.980370,57.73,57.76
2025-12-15 04:24:00.062410,57.71,57.75
2025-12-15 04:24:35.296731,57.72,57.75
2025-12-15 04:24:51.355051,57.71,57.75
2025-12-15 04:25:03.706544,57.72,57.75
2025-12-15 04:30:52.164461,57.72,57.76
2025-12-15 04:33:10.907061,57.71,57.75
2025-12-15 04:33:17.171776,57.74,57.78
2025-12-15 04:33:24.155329,57.74,57.77
2025-12-15 04:34:30.806354,57.73,57.76
2025-12-15 04:34:40.874946,57.72,57.76
2025-12-15 04:35:02.083484,57.74,57.77
2025-12-15 04:35:45.284194,57.73,57.77
2025-12-15 04:35:49.225663,57.71,57.74
2025-12-15 04:37:06.592715,57.73,57.77
2025-12-15 04:37:30.474731,57.72,57.76
2025-12-15 04:37:32.475005,57.73,57.76
2025-12-15 04:37:33.272449,57.72,57.76
2025-12-15 04:37:45.439974,57.72,57.75
2025-12-15 04:37:56.407341,57.7,57.74
2025-12-15 04:37:59.281996,57.71,57.74
2025-12-15 04:38:44.534467,57.73,57.77
2025-12-15 04:38:59.594883,57.71,57.74
2025-12-15 04:39:08.912492,57.73,57.77
2025-12-15 04:39:25.240553,57.72,57.75
2025-12-15 04:39:28.301627,57.71,57.75
2025-12-15 04:40:00.726201,57.72,57.75
2025-12-15 04:40:33.427994,57.71,57.75
2025-12-15 04:41:05.199694,57.73,57.76
2025-12-15 04:42:02.571525,57.71,57.74
2025-12-15 04:43:21.405632,57.71,57.75
2025-12-15 04:43:33.031380,57.72,57.76
2025-12-15 04:44:20.072626,57.75,57.78
2025-12-15 04:44:35.785000,57.73,57.77
2025-12-15 04:44:54.265799,57.72,57.75
2025-12-15 04:45:13.505775,57.71,57.75
2025-12-15 04:45:34.172519,57.74,57.77
2025-12-15 04:46:22.677286,57.74,57.78
2025-12-15 04:46:38.453410,57.73,57.77
2025-12-15 04:51:21.755380,57.72,57.76
2025-12-15 04:51:40.406705,57.73,57.76
2025-12-15 04:51:44.736098,57.74,57.78
2025-12-15 04:51:58.877790,57.72,57.75
2025-12-15 04:52:11.781589,57.72,57.76
2025-12-15 04:57:50.704486,57.71,57.75
2025-12-15 04:59:36.874055,57.72,57.76
2025-12-15 05:01:10.519882,57.71,57.74
2025-12-15 05:03:20.366323,57.7,57.74
2025-12-15 05:03:28.683799,57.7,57.73
2025-12-15 05:03:29.326883,57.72,57.76
2025-12-15 05:04:22.651363,57.72,57.75
2025-12-15 05:04:25.652639,57.72,57.76
2025-12-15 05:05:06.135224,57.71,57.74
2025-12-15 05:07:09.394336,57.72,57.76
2025-12-15 05:07:10.799673,57.73,57.76
2025-12-15 05:07:11.535783,57.72,57.76
2025-12-15 05:07:33.006992,57.71,57.74
2025-12-15 05:11:31.247209,57.71,57.75
2025-12-15 05:12:21.903569,57.72,57.76
2025-12-15 05:12:44.332700,57.73,57.76
2025-12-15 05:13:38.243069,57.7,57.74
2025-12-15 05:13:51.021067,57.73,57.76
2025-12-15 05:14:02.965898,57.72,57.75
2025-12-15 05:14:04.352070,57.73,57.76
2025-12-15 05:14:22.559991,57.7,57.73
2025-12-15 05:14:32.051488,57.72,57.76
2025-12-15 05:15:01.000031,57.69,57.72
2025-12-15 05:16:13.596949,57.68,57.72
2025-12-15 05:16:21.269806,57.7,57.73
2025-12-15 05:17:06.344649,57.7,57.74
2025-12-15 05:17:23.162622,57.7,57.73
2025-12-15 05:18:52.657601,57.7,57.74
2025-12-15 05:18:53.757255,57.7,57.73
2025-12-15 05:18:55.522481,57.68,57.72
2025-12-15 05:18:58.566378,57.69,57.72
2025-12-15 05:19:14.039189,57.7,57.74
2025-12-15 05:19:30.181035,57.68,57.71
2025-12-15 05:19:44.167185,57.7,57.74
2025-12-15 05:20:13.864495,57.7,57.73
2025-12-15 05:20:15.671500,57.68,57.72
2025-12-15 05:20:31.830382,57.69,57.72
2025-12-15 05:21:03.822101,57.69,57.73
2025-12-15 05:21:54.958946,57.7,57.73
2025-12-15 05:23:03.226137,57.72,57.76
2025-12-15 05:23:03.973645,57.73,57.76
2025-12-15 05:24:28.616171,57.73,57.77
2025-12-15 05:25:08.184215,57.74,57.77
2025-12-15 05:26:00.828690,57.72,57.76
2025-12-15 05:26:06.311942,57.7,57.73
2025-12-15 05:26:59.645257,57.69,57.73
2025-12-15 05:27:05.300497,57.71,57.74
2025-12-15 05:27:53.286013,57.7,57.74
2025-12-15 05:27:59.920022,57.68,57.71
2025-12-15 05:28:00.126727,57.71,57.74
2025-12-15 05:28:00.665030,57.7,57.74
2025-12-15 05:28:14.580449,57.7,57.73
2025-12-15 05:28:25.487633,57.68,57.72
2025-12-15 05:28:39.688424,57.69,57.72
2025-12-15 05:28:40.446095,57.68,57.72
2025-12-15 05:29:59.453507,57.68,57.71
2025-12-15 05:30:00.290144,57.7,57.74
2025-12-15 05:30:00.892354,57.71,57.74
2025-12-15 05:30:07.788732,57.69,57.73
2025-12-15 05:30:08.034858,57.69,57.72
2025-12-15 05:30:32.346016,57.69,57.73
2025-12-15 05:30:33.956055,57.72,57.75
2025-12-15 05:30:52.385928,57.7,57.74
2025-12-15 05:30:52.838486,57.71,57.74
2025-12-15 05:30:55.132404,57.72,57.75
2025-12-15 05:30:55.887854,57.72,57.76
2025-12-15 05:30:59.000361,57.73,57.76
2025-12-15 05:31:06.373219,57.72,57.75
2025-12-15 05:31:22.030525,57.72,57.76
2025-12-15 05:31:32.298498,57.72,57.75
2025-12-15 05:31:47.136210,57.72,57.76
2025-12-15 05:32:35.318505,57.71,57.74
2025-12-15 05:32:54.157616,57.7,57.74
2025-12-15 05:32:55.778631,57.73,57.76
2025-12-15 05:33:08.647617,57.73,57.77
2025-12-15 05:33:15.192217,57.72,57.75
2025-12-15 05:33:27.255768,57.73,57.77
2025-12-15 05:33:28.013474,57.71,57.74
2025-12-15 05:33:30.330166,57.73,57.77
2025-12-15 05:33:35.004956,57.73,57.76
2025-12-15 05:34:02.036446,57.72,57.75
2025-12-15 05:34:38.099347,57.72,57.76
2025-12-15 05:35:03.733816,57.73,57.76
2025-12-15 05:35:10.501948,57.7,57.74
2025-12-15 05:35:11.097138,57.72,57.75
2025-12-15 05:35:11.513612,57.7,57.74
2025-12-15 05:35:11.993404,57.71,57.74
2025-12-15 05:35:35.498536,57.7,57.74
2025-12-15 05:35:52.972767,57.71,57.74
2025-12-15 05:36:32.111226,57.7,57.74
2025-12-15 05:36:37.638710,57.71,57.74
2025-12-15 05:36:42.537022,57.7,57.74
2025-12-15 05:36:44.290372,57.72,57.75
2025-12-15 05:36:51.487685,57.7,57.74
2025-12-15 05:38:28.583952,57.71,57.75
2025-12-15 05:39:00.773832,57.72,57.76
2025-12-15 05:40:02.366244,57.72,57.75
2025-12-15 05:40:35.512198,57.69,57.73
2025-12-15 05:40:54.534020,57.69,57.72
2025-12-15 05:41:36.766274,57.7,57.74
2025-12-15 05:41:46.344440,57.71,57.74
2025-12-15 05:41:51.167552,57.71,57.75
2025-12-15 05:42:08.566928,57.74,57.77
2025-12-15 05:43:03.259666,57.72,57.76
2025-12-15 05:43:14.312160,57.72,57.75
2025-12-15 05:44:56.804324,57.71,57.75
2025-12-15 05:44:58.341681,57.74,57.77
2025-12-15 05:45:05.663877,57.73,57.77
2025-12-15 05:45:24.925216,57.72,57.75
2025-12-15 05:46:49.868809,57.73,57.76
2025-12-15 05:46:53.182551,57.71,57.75
2025-12-15 05:48:43.657789,57.72,57.76
2025-12-15 05:49:24.437463,57.7,57.73
2025-12-15 05:49:28.144943,57.71,57.75
2025-12-15 05:50:01.400019,57.73,57.76
2025-12-15 05:50:11.232638,57.7,57.73
2025-12-15 05:50:19.587590,57.72,57.76
2025-12-15 05:50:59.820336,57.71,57.74
2025-12-15 05:51:09.970455,57.71,57.75
2025-12-15 05:51:13.077906,57.71,57.74
2025-12-15 05:51:19.131398,57.74,57.77
2025-12-15 05:51:41.079660,57.73,57.77
2025-12-15 05:51:42.590740,57.74,57.77
2025-12-15 05:51:48.321832,57.73,57.77
2025-12-15 05:51:49.017575,57.72,57.76
2025-12-15 05:51:50.009604,57.7,57.74
2025-12-15 05:51:53.846049,57.73,57.76
2025-12-15 05:52:01.433066,57.72,57.75
2025-12-15 05:52:15.363628,57.73,57.76
2025-12-15 05:52:19.599474,57.69,57.73
2025-12-15 05:52:20.644726,57.68,57.72
2025-12-15 05:52:20.987885,57.66,57.7
2025-12-15 05:52:21.325245,57.67,57.7
2025-12-15 05:53:02.156856,57.67,57.71
2025-12-15 05:53:07.154941,57.7,57.74
2025-12-15 05:53:07.877697,57.71,57.74
