timestamp,bid,ask
2025-04-22 11:51:26.919808,66.28,66.31
2025-04-22 11:51:28.425318,66.27,66.32
2025-04-22 11:51:32.286904,66.28,66.32
2025-04-22 11:51:37.484374,66.28,66.31
2025-04-22 11:51:38.898788,66.26,66.3
2025-04-22 11:51:45.525193,66.25,66.3
2025-04-22 11:51:46.221835,66.25,66.29
2025-04-22 11:51:51.131185,66.24,66.29
2025-04-22 11:51:58.581382,66.24,66.27
2025-04-22 11:51:58.874914,66.2,66.24
2025-04-22 11:51:59.910681,66.2,66.23
2025-04-22 11:52:00.594081,66.2,66.24
2025-04-22 11:52:00.833687,66.2,66.25
2025-04-22 11:52:03.282973,66.2,66.23
2025-04-22 11:52:06.803546,66.19,66.24
2025-04-22 11:52:08.368443,66.2,66.23
2025-04-22 11:52:08.704207,66.19,66.24
2025-04-22 11:52:16.225917,66.2,66.24
2025-04-22 11:52:21.905196,66.21,66.24
2025-04-22 12:15:52.035857,66.1,66.14
2025-04-22 12:15:54.289259,66.09,66.13
2025-04-22 20:55:05.931165,66.31,66.35
2025-04-22 20:55:13.269146,66.32,66.36
2025-04-22 20:55:17.280181,66.33,66.37
2025-04-22 20:56:03.845484,66.34,66.38
2025-04-22 20:56:04.339138,66.35,66.39
2025-04-22 20:56:46.452486,66.36,66.4
2025-04-22 20:57:05.454122,66.35,66.39
2025-04-22 20:57:23.952598,66.36,66.4
2025-04-22 20:57:41.677932,66.35,66.39
2025-04-22 20:57:43.415115,66.36,66.4
2025-04-22 20:58:23.025389,66.35,66.39
2025-04-22 20:58:23.537474,66.34,66.38
2025-04-22 20:58:32.087345,66.35,66.39
2025-04-22 20:59:04.627805,66.34,66.38
2025-04-22 20:59:14.665705,66.35,66.39
2025-04-22 20:59:21.708338,66.34,66.38
2025-04-22 20:59:45.606418,66.35,66.39
2025-04-22 20:59:49.219547,66.34,66.38
2025-04-22 20:59:57.724606,66.35,66.39
2025-04-23 08:45:45.361883,67.59,67.62
2025-04-23 08:45:52.380191,67.59,67.64
2025-04-23 08:45:53.377671,67.6,67.63
2025-04-23 08:46:07.392711,67.59,67.64
2025-04-23 08:46:07.557291,67.6,67.64
2025-04-23 08:46:08.062385,67.61,67.65
2025-04-23 08:46:09.153781,67.6,67.64
2025-04-23 08:46:13.421794,67.59,67.62
2025-04-23 08:46:14.876730,67.59,67.64
2025-04-23 08:46:15.802145,67.59,67.62
2025-04-23 08:46:22.839892,67.58,67.62
2025-04-23 08:46:34.923659,67.57,67.61
2025-04-23 08:46:43.178007,67.57,67.6
2025-04-23 08:46:47.050317,67.57,67.62
2025-04-23 08:46:59.489883,67.58,67.62
2025-04-23 08:47:01.376271,67.57,67.62
2025-04-23 08:47:03.464323,67.58,67.63
2025-04-23 08:47:08.167244,67.58,67.62
2025-04-23 08:47:10.124196,67.57,67.61
2025-04-23 08:47:54.647581,67.57,67.6
2025-04-23 08:48:00.355624,67.57,67.61
2025-04-23 08:48:01.116116,67.57,67.62
2025-04-23 08:48:03.494591,67.58,67.62
2025-04-23 08:48:03.991894,67.56,67.61
2025-04-23 08:48:06.449886,67.56,67.59
2025-04-23 08:48:07.186605,67.57,67.6
2025-04-23 08:48:17.417408,67.56,67.6
2025-04-23 08:48:22.414802,67.57,67.6
2025-04-23 08:48:22.913888,67.56,67.59
2025-04-23 08:48:25.044868,67.56,67.6
2025-04-23 08:49:05.363968,67.55,67.59
2025-04-23 08:49:07.783697,67.54,67.57
2025-04-23 08:49:11.255624,67.54,67.59
2025-04-23 08:49:21.130029,67.55,67.6
2025-04-23 08:49:23.890128,67.56,67.6
2025-04-23 08:49:34.945332,67.57,67.6
2025-04-23 08:49:38.532397,67.57,67.61
2025-04-23 08:49:46.635482,67.57,67.6
2025-04-23 08:49:47.091981,67.57,67.62
2025-04-23 08:49:47.421146,67.57,67.6
2025-04-23 08:49:53.969127,67.57,67.61
2025-04-23 08:50:00.391308,67.58,67.62
2025-04-23 08:50:00.880945,67.59,67.64
2025-04-23 08:50:02.326687,67.6,67.64
2025-04-23 08:50:02.653533,67.59,67.63
2025-04-23 08:50:07.896373,67.58,67.63
2025-04-23 08:50:12.892330,67.59,67.64
2025-04-23 08:50:15.369090,67.59,67.63
2025-04-23 08:50:19.431199,67.58,67.63
2025-04-23 08:50:23.074508,67.58,67.62
2025-04-23 08:50:31.631278,67.57,67.61
2025-04-23 08:50:34.431621,67.58,67.61
2025-04-23 08:50:40.566668,67.57,67.62
2025-04-23 08:50:42.099899,67.57,67.6
2025-04-23 08:50:42.594371,67.57,67.61
2025-04-23 08:50:45.589193,67.57,67.6
2025-04-23 08:50:53.852335,67.56,67.6
2025-04-23 08:51:01.853194,67.55,67.59
2025-04-23 08:51:11.850216,67.56,67.59
2025-04-23 08:51:16.987263,67.55,67.59
2025-04-23 08:51:27.378334,67.56,67.59
2025-04-23 08:51:31.513326,67.57,67.6
2025-04-23 08:51:32.305356,67.56,67.61
2025-04-23 08:51:35.924509,67.57,67.6
2025-04-24 19:50:09.892202,65.48,65.51
2025-04-24 19:50:10.371171,65.48,65.53
2025-04-24 19:50:12.752208,65.48,65.51
2025-04-24 19:50:14.413706,65.48,65.52
2025-04-24 19:50:14.909442,65.48,65.51
2025-04-24 19:50:15.409237,65.48,65.53
2025-04-24 19:50:19.545960,65.47,65.51
2025-04-24 19:50:21.538925,65.47,65.52
2025-04-24 19:50:21.939140,65.48,65.52
2025-04-24 19:50:22.932620,65.47,65.52
2025-04-24 19:50:23.311308,65.48,65.51
2025-04-24 19:50:28.574405,65.47,65.52
2025-04-24 19:50:29.067672,65.47,65.51
2025-04-24 19:50:29.853577,65.48,65.51
2025-04-24 19:50:34.361782,65.47,65.51
2025-04-24 19:51:03.704446,65.46,65.5
2025-04-24 19:51:05.603707,65.47,65.5
2025-04-24 19:51:07.103318,65.46,65.51
2025-04-24 19:51:10.406981,65.47,65.51
2025-04-24 19:51:14.908541,65.46,65.51
2025-04-24 19:53:49.758472,65.51,65.55
2025-04-24 19:54:10.995068,65.5,65.54
2025-04-24 19:54:24.211289,65.49,65.53
2025-04-24 19:54:25.720170,65.5,65.54
2025-04-24 19:54:28.732288,65.5,65.55
2025-04-24 19:54:37.879823,65.49,65.54
2025-04-24 19:54:44.219640,65.48,65.52
2025-04-24 19:54:49.935433,65.49,65.52
2025-04-24 19:54:50.686412,65.48,65.53
2025-04-24 19:54:52.487139,65.48,65.51
2025-04-24 19:54:59.336784,65.47,65.51
2025-04-24 19:55:02.885593,65.48,65.52
2025-04-24 19:55:07.628740,65.47,65.51
2025-04-24 19:55:13.084143,65.48,65.51
2025-04-24 19:55:14.789663,65.49,65.52
2025-04-24 19:55:15.305383,65.48,65.53
2025-04-24 19:55:23.786530,65.49,65.52
2025-04-24 19:55:28.466687,65.49,65.53
2025-04-24 19:55:31.084622,65.48,65.53
2025-04-24 19:55:34.040048,65.49,65.52
2025-04-24 19:55:36.905168,65.48,65.53
2025-04-24 19:55:38.400785,65.48,65.51
2025-04-24 19:55:45.804994,65.48,65.53
2025-04-24 19:55:46.587278,65.49,65.53
2025-04-24 19:55:52.699671,65.48,65.53
2025-04-24 19:55:54.534748,65.49,65.53
2025-04-24 19:56:45.693688,65.48,65.52
2025-04-24 19:56:55.270345,65.52,65.56
2025-04-24 19:56:56.450331,65.53,65.57
2025-04-24 19:57:04.050377,65.51,65.56
2025-04-24 19:57:09.319185,65.52,65.56
2025-04-24 19:57:18.649904,65.51,65.56
2025-04-24 19:57:20.144454,65.51,65.54
2025-04-24 19:57:31.748916,65.51,65.56
2025-04-24 19:57:45.228147,65.51,65.54
2025-04-24 19:57:58.855924,65.5,65.55
2025-04-24 19:58:01.265963,65.5,65.53
2025-04-24 19:58:04.266152,65.5,65.54
2025-04-24 19:58:05.763655,65.51,65.55
2025-04-24 19:58:07.365163,65.5,65.55
2025-04-24 19:58:11.249310,65.5,65.54
2025-04-24 19:58:12.369553,65.49,65.54
2025-04-24 19:58:31.932052,65.5,65.54
2025-04-24 19:59:07.261583,65.51,65.54
2025-04-24 19:59:29.033629,65.51,65.56
2025-04-24 19:59:29.779148,65.52,65.55
2025-04-24 19:59:41.772430,65.52,65.57
2025-04-24 19:59:43.451758,65.52,65.56
2025-04-24 19:59:44.300186,65.53,65.56
2025-04-24 19:59:51.947021,65.53,65.57
2025-04-24 19:59:52.693921,65.53,65.56
2025-04-24 19:59:53.446995,65.53,65.57
2025-04-24 19:59:54.152300,65.53,65.56
2025-04-24 19:59:55.864156,65.52,65.57
2025-04-24 19:59:57.644991,65.52,65.55
2025-04-24 20:00:00.590322,65.51,65.55
2025-04-24 20:00:02.162995,65.52,65.56
2025-04-24 20:00:03.017838,65.53,65.57
2025-04-24 20:00:03.763229,65.52,65.56
2025-04-24 20:00:06.047146,65.53,65.56
2025-04-24 20:00:06.680575,65.52,65.56
2025-04-24 20:00:06.933920,65.53,65.57
2025-04-24 20:00:07.448513,65.52,65.56
2025-04-24 20:00:24.011913,65.53,65.57
2025-04-24 20:00:33.801761,65.54,65.57
2025-04-24 20:00:52.795651,65.53,65.57
2025-04-24 20:00:58.789189,65.54,65.57
2025-04-24 20:00:59.547261,65.53,65.57
2025-04-24 20:01:06.917043,65.54,65.58
2025-04-24 20:01:17.662042,65.54,65.59
2025-04-24 20:01:19.850064,65.54,65.58
2025-04-24 20:01:25.581777,65.53,65.57
2025-04-24 20:01:45.682795,65.55,65.59
2025-04-24 20:01:45.949091,65.57,65.61
2025-04-24 20:01:46.647387,65.58,65.62
2025-04-24 20:01:49.171211,65.58,65.61
2025-04-24 20:01:49.623048,65.57,65.62
2025-04-24 20:01:50.321991,65.57,65.61
2025-04-24 20:01:51.283766,65.56,65.61
2025-04-24 20:01:52.026878,65.57,65.6
2025-04-24 20:01:52.482128,65.56,65.6
2025-04-24 20:01:53.943021,65.55,65.6
2025-04-24 20:01:54.214776,65.54,65.59
2025-04-24 20:01:54.706952,65.55,65.6
2025-04-24 20:01:54.949378,65.55,65.58
2025-04-24 20:01:55.236554,65.55,65.59
2025-04-24 20:01:56.195573,65.55,65.6
2025-04-24 20:01:57.281878,65.56,65.59
2025-04-24 20:01:58.023283,65.56,65.61
2025-04-24 20:01:59.013197,65.56,65.6
2025-04-24 20:01:59.827149,65.57,65.61
2025-04-24 20:02:00.265187,65.56,65.59
2025-04-24 20:02:01.151140,65.56,65.6
2025-05-26 23:31:32.540140,64.16,64.19
2025-05-27 00:05:00.438522,64.08,64.12
2025-05-27 00:05:00.724535,64.09,64.13
2025-05-27 00:05:07.093289,64.08,64.12
2025-05-27 00:05:16.465652,64.09,64.13
2025-05-27 00:05:20.321330,64.08,64.12
2025-05-27 00:05:27.240185,64.09,64.13
2025-05-27 00:05:29.461430,64.08,64.12
2025-05-27 00:05:33.678687,64.09,64.13
2025-05-27 00:05:36.186683,64.1,64.14
2025-05-27 00:05:37.203035,64.09,64.13
2025-05-27 00:06:01.342947,64.07,64.11
2025-05-27 00:06:06.933577,64.08,64.12
2025-05-27 00:06:09.248531,64.07,64.11
2025-05-27 00:06:22.166181,64.09,64.13
2025-05-27 00:06:28.641566,64.08,64.12
2025-05-27 00:06:41.266156,64.07,64.11
2025-05-27 00:06:41.438132,64.06,64.1
2025-05-27 00:06:45.729149,64.05,64.09
2025-05-27 00:06:49.166094,64.04,64.08
2025-05-27 00:07:03.440237,64.05,64.09
2025-05-27 00:07:20.392641,64.04,64.08
2025-05-27 00:07:22.809479,64.05,64.09
2025-05-27 00:07:37.077682,64.03,64.07
2025-05-27 00:07:38.454608,64.04,64.08
2025-05-27 00:07:45.246857,64.03,64.07
2025-05-27 00:07:54.037509,64.02,64.06
2025-05-27 00:08:08.695361,64.01,64.05
2025-05-27 00:08:09.489859,64.02,64.06
2025-05-27 00:08:20.613829,64.0,64.04
2025-05-27 00:09:00.830016,63.99,64.03
2025-05-27 00:09:06.433062,64.0,64.04
2025-05-27 00:09:08.845596,63.99,64.03
2025-05-27 00:09:32.995013,63.98,64.02
2025-05-27 00:09:34.574875,63.99,64.03
2025-05-27 00:09:50.901421,63.98,64.02
2025-05-27 00:09:52.908279,63.97,64.01
2025-05-27 00:09:58.751960,63.98,64.02
2025-05-27 00:10:03.481375,63.99,64.03
2025-05-27 00:10:05.649551,63.98,64.02
2025-05-27 00:10:10.476978,63.97,64.01
2025-05-27 00:10:30.980185,63.98,64.02
2025-05-27 00:10:32.369896,63.99,64.03
2025-05-27 00:10:44.823646,63.98,64.02
2025-05-27 00:10:45.237765,63.99,64.03
2025-05-27 00:10:51.063322,63.98,64.02
2025-05-27 00:10:58.577305,63.99,64.03
2025-05-27 00:11:01.463948,64.0,64.04
2025-05-27 00:11:04.320849,63.99,64.03
2025-05-27 00:11:22.989898,64.0,64.04
2025-05-27 00:11:36.841599,64.01,64.05
2025-05-27 00:11:43.951390,64.02,64.06
2025-05-27 00:12:06.108457,64.01,64.05
2025-05-27 00:12:09.574973,64.02,64.06
2025-05-27 00:12:48.764124,64.01,64.05
2025-05-27 00:12:50.375930,64.02,64.06
2025-05-27 00:13:01.400855,64.01,64.05
2025-05-27 00:13:08.650684,64.02,64.06
2025-05-27 00:13:15.305803,64.01,64.05
2025-05-27 00:13:39.844643,64.02,64.06
2025-05-27 00:13:43.213751,64.01,64.05
2025-05-27 00:13:49.367975,64.0,64.04
2025-05-27 00:13:50.646403,64.01,64.05
2025-05-27 00:13:57.488031,64.02,64.06
2025-05-27 00:14:48.889607,64.01,64.05
2025-05-27 00:15:01.356938,64.02,64.06
2025-05-27 00:15:08.162418,64.01,64.05
2025-05-27 00:15:44.828735,64.0,64.04
2025-05-27 00:15:56.697001,64.01,64.05
2025-05-27 00:16:26.713543,64.02,64.06
2025-05-27 00:16:43.356248,64.01,64.05
2025-05-27 00:16:49.749633,64.0,64.04
2025-05-27 00:16:59.329726,64.01,64.05
2025-05-27 00:17:05.783898,64.02,64.06
2025-05-27 00:17:26.380275,64.01,64.05
2025-05-27 00:17:41.020517,64.02,64.06
2025-05-27 00:17:53.193830,64.01,64.05
2025-05-27 00:18:01.052025,64.02,64.06
2025-05-27 00:18:20.393162,64.01,64.05
2025-05-27 00:18:23.601435,64.02,64.06
2025-05-27 00:19:04.387144,64.03,64.07
2025-05-27 00:20:45.139773,64.02,64.06
2025-05-27 00:20:48.183658,64.01,64.05
2025-05-27 00:20:54.342939,64.02,64.06
2025-05-27 00:21:02.521693,64.01,64.05
2025-05-27 00:21:02.593631,64.02,64.06
2025-05-27 00:22:03.149774,64.01,64.05
2025-05-27 00:22:17.725295,64.0,64.04
2025-05-27 00:22:28.716274,64.01,64.05
2025-05-27 00:22:33.955350,64.0,64.04
2025-05-27 00:22:37.484696,64.01,64.05
2025-05-27 00:22:46.080078,64.0,64.04
2025-05-27 00:22:58.013946,63.99,64.03
2025-05-27 00:22:58.755891,63.98,64.02
2025-05-27 00:23:02.425046,63.99,64.03
2025-05-27 00:24:16.053149,64.0,64.04
2025-05-27 00:24:34.254081,64.01,64.05
2025-05-27 00:24:35.785594,64.0,64.04
2025-05-27 00:24:37.292763,64.01,64.05
2025-05-27 00:27:21.965648,64.02,64.06
2025-05-27 00:29:10.215654,64.03,64.07
2025-05-27 00:30:05.844933,64.02,64.06
2025-05-27 00:30:11.317012,64.01,64.05
2025-05-27 00:30:16.059791,64.0,64.04
2025-05-27 00:31:00.335817,64.01,64.05
2025-05-27 00:31:02.462480,64.0,64.04
2025-05-27 00:31:12.208583,64.01,64.05
2025-05-27 00:31:13.278656,64.0,64.04
2025-05-27 00:31:25.840011,64.01,64.05
2025-05-27 00:31:43.132206,64.0,64.04
2025-05-27 00:34:11.301018,64.01,64.05
2025-05-27 00:34:23.498441,64.02,64.06
2025-05-27 00:35:59.518378,64.03,64.07
2025-05-27 00:38:19.333669,64.04,64.08
2025-05-27 00:38:22.662033,64.03,64.07
2025-05-27 00:38:35.251341,64.04,64.08
2025-05-27 00:38:37.895887,64.06,64.1
2025-05-27 00:38:44.910140,64.07,64.11
2025-05-27 00:38:45.237381,64.06,64.1
2025-05-27 00:38:49.644025,64.07,64.11
2025-05-27 00:40:05.894371,64.08,64.12
2025-05-27 00:40:11.792890,64.07,64.11
2025-05-27 00:40:22.705382,64.06,64.1
2025-05-27 00:41:04.976997,64.07,64.11
2025-05-27 00:42:17.181589,64.08,64.12
2025-05-27 00:42:18.085107,64.07,64.11
2025-05-27 00:42:33.075475,64.08,64.12
2025-05-27 00:43:00.875856,64.09,64.13
2025-05-27 00:43:08.403580,64.1,64.14
2025-05-27 00:44:00.914765,64.09,64.13
2025-05-27 00:44:18.559973,64.08,64.12
2025-05-27 00:45:11.069507,64.09,64.13
2025-05-27 00:45:26.020013,64.08,64.12
2025-05-27 00:45:31.758347,64.09,64.13
2025-05-27 00:45:35.470968,64.08,64.12
2025-05-27 00:45:44.985598,64.09,64.13
2025-05-27 00:45:54.094680,64.1,64.14
2025-05-27 00:46:03.593309,64.11,64.15
2025-05-27 00:46:05.499597,64.1,64.14
2025-05-27 00:46:12.427573,64.11,64.15
2025-05-27 00:46:15.375835,64.1,64.14
2025-05-27 00:46:25.687281,64.11,64.15
2025-05-27 00:46:26.184320,64.12,64.16
2025-05-27 00:46:59.565898,64.11,64.15
2025-05-27 00:47:00.795588,64.12,64.16
2025-05-27 00:47:05.096982,64.13,64.17
2025-05-27 00:47:34.860173,64.12,64.16
2025-05-27 00:47:45.949914,64.13,64.17
2025-05-27 00:47:46.846564,64.12,64.16
2025-05-27 00:47:49.655944,64.13,64.17
2025-05-27 00:47:53.272281,64.12,64.16
2025-05-27 00:48:03.632168,64.13,64.17
2025-05-27 00:49:03.634916,64.14,64.18
2025-05-27 00:50:03.516124,64.15,64.19
2025-05-27 00:50:05.370036,64.16,64.2
2025-05-27 00:51:11.768263,64.17,64.21
2025-05-27 00:52:01.360020,64.18,64.22
2025-05-27 00:52:01.882492,64.2,64.24
2025-05-27 00:52:06.978679,64.21,64.25
2025-05-27 00:52:19.191944,64.22,64.26
2025-05-27 00:52:32.778827,64.23,64.27
2025-05-27 00:52:33.863486,64.22,64.26
2025-05-27 00:52:36.903650,64.23,64.27
2025-05-27 00:52:38.109246,64.22,64.26
2025-05-27 00:52:46.942516,64.23,64.27
2025-05-27 00:52:50.490626,64.22,64.26
2025-05-27 00:52:54.704722,64.23,64.27
2025-05-27 00:52:55.459697,64.22,64.26
2025-05-27 00:53:03.646470,64.23,64.27
2025-05-27 00:53:06.491679,64.21,64.25
2025-05-27 00:53:10.114443,64.22,64.26
2025-05-27 00:53:17.168375,64.23,64.27
2025-05-27 00:53:22.796745,64.24,64.28
2025-05-27 00:53:25.716450,64.23,64.27
2025-05-27 00:53:27.984540,64.24,64.28
2025-05-27 00:53:30.553995,64.23,64.27
2025-05-27 00:53:58.180608,64.24,64.28
2025-05-27 00:54:01.545393,64.26,64.3
2025-05-27 00:54:02.111720,64.27,64.31
2025-05-27 00:54:08.393969,64.26,64.3
2025-05-27 00:54:20.062748,64.25,64.29
2025-05-27 00:54:26.198697,64.24,64.28
2025-05-27 00:54:47.904963,64.25,64.29
2025-05-27 00:54:59.572337,64.26,64.3
2025-05-27 00:55:05.085553,64.27,64.31
2025-05-27 00:55:15.921159,64.28,64.32
2025-05-27 00:55:23.720988,64.27,64.31
2025-05-27 00:55:32.250918,64.26,64.3
2025-05-27 00:55:35.797759,64.27,64.31
2025-05-27 00:55:42.858769,64.28,64.32
2025-05-27 00:55:44.404623,64.27,64.31
2025-05-27 00:55:56.496907,64.28,64.32
2025-05-27 00:55:58.245029,64.29,64.33
2025-05-27 00:56:00.190685,64.28,64.32
2025-05-27 00:56:00.962764,64.29,64.33
2025-05-27 00:56:04.792297,64.28,64.32
2025-05-27 00:56:05.536299,64.29,64.33
2025-05-27 00:56:34.376989,64.28,64.32
2025-05-27 00:56:37.709028,64.29,64.33
2025-05-27 00:56:38.505208,64.28,64.32
2025-05-27 00:56:47.151203,64.27,64.31
2025-05-27 00:56:58.121731,64.28,64.32
2025-05-27 00:57:12.343140,64.29,64.33
2025-05-27 00:57:12.565793,64.28,64.32
2025-05-27 00:57:18.408371,64.29,64.33
2025-05-27 00:57:27.288096,64.28,64.32
2025-05-27 00:57:48.505532,64.29,64.33
2025-05-27 00:58:03.888072,64.3,64.34
2025-05-27 00:58:10.678509,64.29,64.33
2025-05-27 00:58:51.316685,64.31,64.35
2025-05-27 00:59:09.589714,64.32,64.36
2025-05-27 00:59:16.908888,64.31,64.35
2025-05-27 01:00:00.376125,64.3,64.34
2025-05-27 01:00:00.829898,64.29,64.33
2025-05-27 01:00:01.290415,64.28,64.32
2025-05-27 01:00:01.508746,64.27,64.31
2025-05-27 01:00:02.273826,64.28,64.32
2025-05-27 01:00:02.639765,64.29,64.33
2025-05-27 01:00:03.663918,64.28,64.32
2025-05-27 01:00:04.405586,64.29,64.33
2025-05-27 01:00:05.899130,64.3,64.34
2025-05-27 01:00:08.851756,64.31,64.35
2025-05-27 01:00:09.220708,64.3,64.34
2025-05-27 01:00:10.722318,64.29,64.33
2025-05-27 01:00:10.804948,64.3,64.34
2025-05-27 01:00:15.506479,64.31,64.35
2025-05-27 01:00:15.943826,64.32,64.36
2025-05-27 01:00:16.705184,64.31,64.35
2025-05-27 01:00:19.178734,64.3,64.34
2025-05-27 01:00:19.827353,64.29,64.33
2025-05-27 01:00:23.463963,64.3,64.34
2025-05-27 01:00:24.220177,64.29,64.33
2025-05-27 01:00:24.988043,64.28,64.32
2025-05-27 01:00:27.842505,64.29,64.33
2025-05-27 01:00:30.548809,64.3,64.34
2025-05-27 01:00:31.779792,64.31,64.35
2025-05-27 01:00:33.797253,64.32,64.36
2025-05-27 01:00:35.711502,64.33,64.37
2025-05-27 01:00:36.666051,64.34,64.38
2025-05-27 01:00:37.737157,64.33,64.37
2025-05-27 01:00:38.839976,64.32,64.36
2025-05-27 01:00:41.050777,64.33,64.37
2025-05-27 01:00:41.309141,64.32,64.36
2025-05-27 01:00:48.866678,64.31,64.35
2025-05-27 01:00:49.516814,64.32,64.36
2025-05-27 01:00:49.846662,64.31,64.35
2025-05-27 01:00:50.571840,64.32,64.36
2025-05-27 01:00:52.846867,64.3,64.34
2025-05-27 01:00:53.201625,64.31,64.35
2025-05-27 01:00:54.293086,64.3,64.34
2025-05-27 01:00:57.418201,64.29,64.33
2025-05-27 01:01:01.825082,64.28,64.32
2025-05-27 01:01:04.265487,64.27,64.31
2025-05-27 01:01:13.898458,64.26,64.3
2025-05-27 01:01:14.331795,64.25,64.29
2025-05-27 01:01:14.983175,64.24,64.28
2025-05-27 01:01:15.821163,64.23,64.27
2025-05-27 01:01:16.836092,64.24,64.28
2025-05-27 01:01:19.379624,64.23,64.27
2025-05-27 01:01:20.250422,64.22,64.26
2025-05-27 01:01:21.011226,64.24,64.28
2025-05-27 01:01:24.282196,64.23,64.27
2025-05-27 01:01:25.482940,64.24,64.28
2025-05-27 01:01:25.814884,64.23,64.27
2025-05-27 01:01:33.236050,64.24,64.28
2025-05-27 01:01:40.683242,64.23,64.27
2025-05-27 01:01:42.312269,64.22,64.26
2025-05-27 01:01:50.475965,64.23,64.27
2025-05-27 01:01:52.318824,64.22,64.26
2025-05-27 01:02:01.133549,64.21,64.25
2025-05-27 01:02:06.163357,64.2,64.24
2025-05-27 01:02:09.387105,64.21,64.25
2025-05-27 01:02:28.386523,64.2,64.24
2025-05-27 01:02:35.607466,64.21,64.25
2025-05-27 01:02:37.645254,64.2,64.24
2025-05-27 01:02:40.554279,64.18,64.22
2025-05-27 01:02:48.294995,64.19,64.23
2025-05-27 01:03:03.708453,64.2,64.24
2025-05-27 01:03:10.725321,64.19,64.23
2025-05-27 01:03:14.179134,64.18,64.22
2025-05-27 01:03:15.187245,64.17,64.21
2025-05-27 01:03:16.149908,64.19,64.23
2025-05-27 01:03:20.514907,64.18,64.22
2025-05-27 01:03:20.911042,64.17,64.21
2025-05-27 01:03:23.027490,64.16,64.2
2025-05-27 01:03:26.595077,64.17,64.21
2025-05-27 01:03:29.087537,64.18,64.22
2025-05-27 01:03:34.795300,64.19,64.23
2025-05-27 01:03:44.819326,64.18,64.22
2025-05-27 01:04:05.394370,64.17,64.21
2025-05-27 01:04:06.573900,64.18,64.22
2025-05-27 01:04:10.247434,64.17,64.21
2025-05-27 01:04:22.919991,64.16,64.2
2025-05-27 01:04:30.848107,64.14,64.18
2025-05-27 01:04:32.726337,64.15,64.19
2025-05-27 01:04:43.522778,64.14,64.18
2025-05-27 01:04:46.001279,64.13,64.17
2025-05-27 01:04:56.251793,64.12,64.16
2025-05-27 01:04:59.408913,64.13,64.17
2025-05-27 01:05:03.698754,64.12,64.16
2025-05-27 01:05:04.839563,64.13,64.17
2025-05-27 01:05:10.129362,64.14,64.18
2025-05-27 01:05:11.717812,64.13,64.17
2025-05-27 01:05:13.265396,64.15,64.19
2025-05-27 01:05:13.913541,64.14,64.18
2025-05-27 01:05:14.821712,64.15,64.19
2025-05-27 01:05:15.605697,64.14,64.18
2025-05-27 01:05:17.169270,64.15,64.19
2025-05-27 01:05:17.746664,64.14,64.18
2025-05-27 01:05:22.130932,64.15,64.19
2025-05-27 01:05:24.608900,64.14,64.18
2025-05-27 01:05:25.532888,64.15,64.19
2025-05-27 01:05:26.384918,64.16,64.2
2025-05-27 01:05:27.307438,64.15,64.19
2025-05-27 01:05:29.114345,64.16,64.2
2025-05-27 01:05:31.774805,64.15,64.19
2025-05-27 01:05:32.766065,64.16,64.2
2025-05-27 01:05:40.929699,64.15,64.19
2025-05-27 01:06:00.644563,64.16,64.2
2025-05-27 01:06:01.639132,64.15,64.19
2025-05-27 01:06:01.896835,64.16,64.2
2025-05-27 01:06:07.339968,64.15,64.19
2025-05-27 01:06:18.954589,64.14,64.18
2025-05-27 01:06:20.523520,64.12,64.16
2025-05-27 01:06:20.764810,64.11,64.15
2025-05-27 01:06:22.121479,64.12,64.16
2025-05-27 01:06:23.055928,64.13,64.17
2025-05-27 01:06:23.838256,64.12,64.16
2025-05-27 01:06:29.128587,64.11,64.15
2025-05-27 01:06:30.302691,64.12,64.16
2025-05-27 01:06:35.213221,64.13,64.17
2025-05-27 01:06:56.138442,64.14,64.18
2025-05-27 01:06:56.806977,64.13,64.17
2025-05-27 01:06:58.965060,64.12,64.16
2025-05-27 01:07:07.240059,64.11,64.15
2025-05-27 01:07:08.344612,64.1,64.14
2025-05-27 01:07:08.985268,64.11,64.15
2025-05-27 01:07:10.216854,64.1,64.14
2025-05-27 01:07:14.057403,64.11,64.15
2025-05-27 01:07:18.049139,64.12,64.16
2025-05-27 01:07:23.862385,64.11,64.15
2025-05-27 01:07:30.652302,64.12,64.16
2025-05-27 01:07:31.129818,64.13,64.17
2025-05-27 01:07:31.452541,64.12,64.16
2025-05-27 01:07:35.744179,64.13,64.17
2025-05-27 01:07:38.019772,64.14,64.18
2025-05-27 01:07:39.586137,64.13,64.17
2025-05-27 01:07:45.551791,64.14,64.18
2025-05-27 01:07:49.752803,64.13,64.17
2025-05-27 01:07:59.959489,64.14,64.18
2025-05-27 01:08:00.246450,64.13,64.17
2025-05-27 01:08:02.316988,64.12,64.16
2025-05-27 01:08:06.793759,64.13,64.17
2025-05-27 01:08:10.335655,64.14,64.18
2025-05-27 01:08:12.777210,64.13,64.17
2025-05-27 01:08:13.529943,64.14,64.18
2025-05-27 01:08:48.678576,64.15,64.19
2025-05-27 01:09:05.344326,64.14,64.18
2025-05-27 01:09:28.563156,64.15,64.19
2025-05-27 01:09:33.738057,64.14,64.18
2025-05-27 01:09:43.656610,64.13,64.17
2025-05-27 01:09:49.807473,64.14,64.18
2025-05-27 01:09:52.784472,64.13,64.17
2025-05-27 01:10:00.320004,64.11,64.15
2025-05-27 01:10:01.242440,64.12,64.16
2025-05-27 01:10:12.258716,64.11,64.15
2025-05-27 01:10:22.200319,64.12,64.16
2025-05-27 01:10:55.933034,64.13,64.17
2025-05-27 01:11:00.330791,64.12,64.16
2025-05-27 01:11:16.229413,64.11,64.15
2025-05-27 01:11:16.745346,64.1,64.14
2025-05-27 01:11:21.774333,64.11,64.15
2025-05-27 01:11:23.593696,64.12,64.16
2025-05-27 01:11:24.139515,64.11,64.15
2025-05-27 01:11:33.003143,64.12,64.16
2025-05-27 01:11:33.129665,64.11,64.15
2025-05-27 01:11:36.165423,64.12,64.16
2025-05-27 01:11:42.618946,64.11,64.15
2025-05-27 01:11:49.590194,64.12,64.16
2025-05-27 01:11:49.871417,64.11,64.15
2025-05-27 01:11:54.979829,64.12,64.16
2025-05-27 01:11:56.801512,64.11,64.15
2025-05-27 01:12:01.781433,64.12,64.16
2025-05-27 01:12:09.064881,64.13,64.17
2025-05-27 01:12:22.916064,64.12,64.16
2025-05-27 01:12:39.269191,64.13,64.17
2025-05-27 01:12:47.847674,64.12,64.16
2025-05-27 01:12:48.934154,64.13,64.17
2025-05-27 01:13:05.124544,64.12,64.16
2025-05-27 01:13:05.781456,64.11,64.15
2025-05-27 01:13:11.920230,64.12,64.16
2025-05-27 01:13:37.795029,64.11,64.15
2025-05-27 01:13:41.784270,64.1,64.14
2025-05-27 01:13:47.069945,64.12,64.16
2025-05-27 01:14:06.920079,64.13,64.17
2025-05-27 01:14:20.961134,64.12,64.16
2025-05-27 01:14:21.740666,64.11,64.15
2025-05-27 01:14:32.389083,64.12,64.16
2025-05-27 01:14:46.388612,64.13,64.17
2025-05-27 01:14:53.610970,64.12,64.16
2025-05-27 01:14:54.644272,64.11,64.15
2025-05-27 01:15:01.162132,64.12,64.16
2025-05-27 01:15:02.683860,64.11,64.15
2025-05-27 01:15:25.846424,64.12,64.16
2025-05-27 01:15:34.492603,64.11,64.15
2025-05-27 01:15:35.254200,64.12,64.16
2025-05-27 01:15:53.173094,64.11,64.15
2025-05-27 01:15:57.918517,64.12,64.16
2025-05-27 01:15:58.464277,64.13,64.17
2025-05-27 01:16:02.313139,64.12,64.16
2025-05-27 01:16:16.608812,64.13,64.17
2025-05-27 01:16:17.636626,64.12,64.16
2025-05-27 01:16:18.584289,64.13,64.17
2025-05-27 01:16:25.688532,64.12,64.16
2025-05-27 01:16:27.827219,64.13,64.17
2025-05-27 01:16:28.587234,64.12,64.16
2025-05-27 01:16:29.306803,64.13,64.17
2025-05-27 01:16:30.355348,64.12,64.16
2025-05-27 01:16:39.690056,64.13,64.17
2025-05-27 01:16:40.986935,64.12,64.16
2025-05-27 01:16:42.116537,64.11,64.15
2025-05-27 01:17:07.312670,64.1,64.14
2025-05-27 01:17:16.316967,64.11,64.15
2025-05-27 01:17:17.719169,64.1,64.14
2025-05-27 01:17:18.003306,64.11,64.15
2025-05-27 01:17:20.469799,64.1,64.14
2025-05-27 01:17:28.826050,64.11,64.15
2025-05-27 01:17:34.225037,64.1,64.14
2025-05-27 01:17:38.556046,64.08,64.12
2025-05-27 01:17:44.087997,64.09,64.13
2025-05-27 01:17:45.744155,64.08,64.12
2025-05-27 01:17:58.056541,64.09,64.13
2025-05-27 01:18:02.166062,64.08,64.12
2025-05-27 01:18:07.436166,64.09,64.13
2025-05-27 01:18:25.292976,64.08,64.12
2025-05-27 01:18:34.559814,64.09,64.13
2025-05-27 01:18:44.140613,64.08,64.12
2025-05-27 01:18:45.584882,64.07,64.11
2025-05-27 01:18:53.108738,64.06,64.1
2025-05-27 01:18:53.162967,64.04,64.08
2025-05-27 01:18:53.472900,64.05,64.09
2025-05-27 01:18:54.198490,64.04,64.08
2025-05-27 01:19:02.381443,64.03,64.07
2025-05-27 01:19:04.000702,64.04,64.08
2025-05-27 01:19:05.358425,64.03,64.07
2025-05-27 01:19:18.835475,64.02,64.06
2025-05-27 01:19:20.315434,64.03,64.07
2025-05-27 01:19:27.547568,64.04,64.08
2025-05-27 01:19:37.205413,64.05,64.09
2025-05-27 01:19:43.571701,64.04,64.08
2025-05-27 01:19:52.054923,64.03,64.07
2025-05-27 01:19:53.491117,64.04,64.08
2025-05-27 01:19:58.507807,64.03,64.07
2025-05-27 01:20:03.392795,64.02,64.06
2025-05-27 01:20:10.602417,64.03,64.07
2025-05-27 01:20:15.621509,64.02,64.06
2025-05-27 01:20:17.502673,64.01,64.05
2025-05-27 01:20:20.614183,63.99,64.03
2025-05-27 01:20:22.200426,64.0,64.04
2025-05-27 01:20:27.190824,63.99,64.03
2025-05-27 01:20:37.069800,64.0,64.04
2025-05-27 01:20:43.208915,63.99,64.03
2025-05-27 01:20:45.213133,64.0,64.04
2025-05-27 01:20:45.989514,63.99,64.03
2025-05-27 01:20:51.257287,63.98,64.02
2025-05-27 01:20:52.877193,63.99,64.03
2025-05-27 01:21:21.845106,64.0,64.04
2025-05-27 01:21:53.960000,63.99,64.03
2025-05-27 01:21:56.729792,64.0,64.04
2025-05-27 01:22:02.605469,63.99,64.03
2025-05-27 01:22:04.247996,64.0,64.04
2025-05-27 01:22:26.974319,64.01,64.05
2025-05-27 01:22:39.697903,64.0,64.04
2025-05-27 01:22:46.581948,64.01,64.05
2025-05-27 01:22:58.530668,64.02,64.06
2025-05-27 01:22:59.280280,64.03,64.07
2025-05-27 01:23:01.699745,64.02,64.06
2025-05-27 01:23:21.059498,64.03,64.07
2025-05-27 01:23:29.789125,64.02,64.06
2025-05-27 01:23:52.722509,64.01,64.05
2025-05-27 01:24:02.245016,64.0,64.04
2025-05-27 01:24:04.360214,64.01,64.05
2025-05-27 01:24:09.563122,64.0,64.04
2025-05-27 01:24:15.995113,64.01,64.05
2025-05-27 01:24:16.321835,64.0,64.04
2025-05-27 01:24:40.583845,63.98,64.02
2025-05-27 01:25:03.761805,63.97,64.01
2025-05-27 01:25:13.212875,63.98,64.02
2025-05-27 01:25:18.798597,63.97,64.01
2025-05-27 01:25:22.774135,63.98,64.02
2025-05-27 01:25:41.556641,63.97,64.01
2025-05-27 01:25:44.156346,63.98,64.02
2025-05-27 01:25:44.972051,63.99,64.03
2025-05-27 01:25:46.388089,63.98,64.02
2025-05-27 01:25:58.109244,63.99,64.03
2025-05-27 01:26:18.911787,64.0,64.04
2025-05-27 01:26:19.922831,63.99,64.03
2025-05-27 01:26:20.461561,64.0,64.04
2025-05-27 01:26:20.741658,63.99,64.03
2025-05-27 01:26:32.127076,64.0,64.04
2025-05-27 01:26:33.991559,63.99,64.03
2025-05-27 01:26:53.819139,63.98,64.02
2025-05-27 01:26:55.776426,63.99,64.03
2025-05-27 01:27:02.952718,63.98,64.02
2025-05-27 01:27:17.469254,63.97,64.01
2025-05-27 01:27:23.049151,63.98,64.02
2025-05-27 01:27:23.817643,63.97,64.01
2025-05-27 01:27:44.828075,63.96,64.0
2025-05-27 01:27:57.856156,63.95,63.99
2025-05-27 01:28:01.910691,63.96,64.0
2025-05-27 01:28:14.412621,63.97,64.01
2025-05-27 01:28:15.929563,63.96,64.0
2025-05-27 01:28:18.379873,63.97,64.01
2025-05-27 01:28:31.692743,63.96,64.0
2025-05-27 01:28:51.774955,63.95,63.99
2025-05-27 01:28:55.872121,63.96,64.0
2025-05-27 01:29:57.373932,63.97,64.01
2025-05-27 01:30:00.470427,63.96,64.0
2025-05-27 01:30:00.736846,63.97,64.01
2025-05-27 01:30:01.393628,63.98,64.02
2025-05-27 01:30:02.624754,63.97,64.01
2025-05-27 01:30:04.331932,63.96,64.0
2025-05-27 01:30:05.275649,63.97,64.01
2025-05-27 01:30:06.082802,63.96,64.0
2025-05-27 01:30:18.147564,63.97,64.01
2025-05-27 01:30:20.346494,63.96,64.0
2025-05-27 01:30:21.635876,63.97,64.01
2025-05-27 01:30:31.506944,63.98,64.02
2025-05-27 01:30:33.699729,63.97,64.01
2025-05-27 01:30:54.112313,63.96,64.0
2025-05-27 01:30:56.206957,63.97,64.01
2025-05-27 01:31:06.855345,63.96,64.0
2025-05-27 01:31:09.069010,63.97,64.01
2025-05-27 01:31:23.116507,63.98,64.02
2025-05-27 01:31:28.406594,63.99,64.03
2025-05-27 01:31:29.867319,63.98,64.02
2025-05-27 01:31:37.554811,63.99,64.03
2025-05-27 01:31:44.432744,63.98,64.02
2025-05-27 01:31:44.948123,63.99,64.03
2025-05-27 01:31:51.466601,64.0,64.04
2025-05-27 01:32:01.840922,64.01,64.05
2025-05-27 01:32:04.567163,64.04,64.08
2025-05-27 01:32:05.353791,64.05,64.09
2025-05-27 01:32:10.019273,64.06,64.1
2025-05-27 01:32:16.107715,64.05,64.09
2025-05-27 01:32:46.910161,64.06,64.1
2025-05-27 01:33:07.639991,64.05,64.09
2025-05-27 01:33:15.650154,64.04,64.08
2025-05-27 01:33:17.292751,64.05,64.09
2025-05-27 01:33:18.768788,64.06,64.1
2025-05-27 01:33:27.496412,64.05,64.09
2025-05-27 01:33:28.277667,64.06,64.1
2025-05-27 01:33:42.718646,64.05,64.09
2025-05-27 01:34:09.331304,64.04,64.08
2025-05-27 01:34:27.970837,64.05,64.09
2025-05-27 01:34:42.010185,64.06,64.1
2025-05-27 01:34:47.817733,64.05,64.09
2025-05-27 01:35:01.433851,64.06,64.1
2025-05-27 01:35:07.000647,64.05,64.09
2025-05-27 01:35:11.407768,64.04,64.08
2025-05-27 01:35:14.898257,64.05,64.09
2025-05-27 01:35:17.638877,64.04,64.08
2025-05-27 01:35:22.929648,64.05,64.09
2025-05-27 01:36:28.638572,64.04,64.08
2025-05-27 01:37:03.112877,64.03,64.07
2025-05-27 01:37:03.400910,64.02,64.06
2025-05-27 01:37:17.894968,64.01,64.05
2025-05-27 01:37:18.685260,64.02,64.06
2025-05-27 01:37:46.333324,64.03,64.07
2025-05-27 01:37:48.014947,64.04,64.08
2025-05-27 01:37:59.525238,64.03,64.07
2025-05-27 01:38:01.325677,64.04,64.08
2025-05-27 01:38:04.624894,64.03,64.07
2025-05-27 01:38:07.378952,64.04,64.08
2025-05-27 01:38:09.330073,64.03,64.07
2025-05-27 01:38:42.473139,64.04,64.08
2025-05-27 01:38:47.947780,64.03,64.07
2025-05-27 01:38:57.221322,64.02,64.06
2025-05-27 01:39:03.386923,64.03,64.07
2025-05-27 01:39:07.228753,64.04,64.08
2025-05-27 01:39:10.601992,64.03,64.07
2025-05-27 01:39:15.102244,64.04,64.08
2025-05-27 01:39:21.432589,64.02,64.06
2025-05-27 01:39:25.129703,64.03,64.07
2025-05-27 01:39:25.882889,64.02,64.06
2025-05-27 01:39:57.270578,64.01,64.05
2025-05-27 01:40:10.541533,64.0,64.04
2025-05-27 01:40:14.581650,64.01,64.05
2025-05-27 01:40:21.212945,64.0,64.04
2025-05-27 01:40:23.118229,64.01,64.05
2025-05-27 01:40:23.700342,64.0,64.04
2025-05-27 01:40:28.139740,63.99,64.03
2025-05-27 01:40:36.896880,63.98,64.02
2025-05-27 01:40:45.683252,63.99,64.03
2025-05-27 01:40:50.652876,63.98,64.02
2025-05-27 01:40:53.028357,63.99,64.03
2025-05-27 01:40:54.036033,63.98,64.02
2025-05-27 01:40:57.628498,63.99,64.03
2025-05-27 01:41:05.385653,63.98,64.02
2025-05-27 01:41:11.443077,63.97,64.01
2025-05-27 01:41:14.009642,63.98,64.02
2025-05-27 01:41:21.658804,63.97,64.01
2025-05-27 01:41:35.028524,63.98,64.02
2025-05-27 01:41:37.035517,63.97,64.01
2025-05-27 01:42:33.081716,63.98,64.02
2025-05-27 01:42:33.856598,63.97,64.01
2025-05-27 01:42:54.939832,63.98,64.02
2025-05-27 01:42:55.741556,63.97,64.01
2025-05-27 01:43:00.427558,63.98,64.02
2025-05-27 01:43:04.635859,63.99,64.03
2025-05-27 01:43:11.465459,63.98,64.02
2025-05-27 01:43:21.763228,63.97,64.01
2025-05-27 01:43:55.254812,63.98,64.02
2025-05-27 01:44:01.953809,63.97,64.01
2025-05-27 01:44:36.306261,63.96,64.0
2025-05-27 01:45:02.972498,63.95,63.99
2025-05-27 01:45:08.306115,63.94,63.98
2025-05-27 01:45:13.410035,63.93,63.97
2025-05-27 01:45:14.076593,63.94,63.98
2025-05-27 01:45:40.680043,63.95,63.99
2025-05-27 01:45:42.496715,63.94,63.98
2025-05-27 01:45:46.068848,63.93,63.97
2025-05-27 01:45:51.664268,63.92,63.96
2025-05-27 01:46:05.194098,63.93,63.97
2025-05-27 01:46:37.878146,63.92,63.96
2025-05-27 01:46:39.994054,63.93,63.97
2025-05-27 01:46:40.330825,63.92,63.96
2025-05-27 01:46:46.333385,63.93,63.97
2025-05-27 01:46:53.062306,63.92,63.96
2025-05-27 01:47:01.082178,63.93,63.97
2025-05-27 01:47:05.730390,63.92,63.96
2025-05-27 01:47:22.842259,63.93,63.97
2025-05-27 01:47:24.836732,63.92,63.96
2025-05-27 01:47:40.228568,63.93,63.97
2025-05-27 01:47:40.870024,63.92,63.96
2025-05-27 01:47:42.119128,63.93,63.97
2025-05-27 01:47:54.897372,63.94,63.98
2025-05-27 01:48:05.753290,63.95,63.99
2025-05-27 01:48:09.546759,63.94,63.98
2025-05-27 01:48:19.743497,63.95,63.99
2025-05-27 01:48:20.027637,63.94,63.98
2025-05-27 01:48:21.163190,63.95,63.99
2025-05-27 01:48:25.620119,63.94,63.98
2025-05-27 01:48:36.262704,63.95,63.99
2025-05-27 01:48:38.865892,63.94,63.98
2025-05-27 01:48:53.384058,63.93,63.97
2025-05-27 01:48:54.926888,63.94,63.98
2025-05-27 01:49:06.085730,63.93,63.97
2025-05-27 01:49:06.894930,63.94,63.98
2025-05-27 01:49:14.677122,63.93,63.97
2025-05-27 01:49:21.378828,63.94,63.98
2025-05-27 01:49:24.267009,63.93,63.97
2025-05-27 01:49:34.855078,63.94,63.98
2025-05-27 01:49:45.562624,63.95,63.99
2025-05-27 01:49:47.415025,63.96,64.0
2025-05-27 01:50:00.486757,63.97,64.01
2025-05-27 01:50:01.483867,63.96,64.0
2025-05-27 01:50:01.580782,63.97,64.01
2025-05-27 01:50:07.042627,63.96,64.0
2025-05-27 01:50:48.988579,63.97,64.01
2025-05-27 01:50:50.702256,63.96,64.0
2025-05-27 01:50:58.298574,63.97,64.01
2025-05-27 01:50:59.698090,63.96,64.0
2025-05-27 01:51:06.107360,63.97,64.01
2025-05-27 01:51:07.151732,63.98,64.02
2025-05-27 01:51:14.404950,63.99,64.03
2025-05-27 01:51:19.682470,63.98,64.02
2025-05-27 01:51:21.566987,63.97,64.01
2025-05-27 01:51:35.432022,63.99,64.03
2025-05-27 01:52:12.302136,63.98,64.02
2025-05-27 01:52:14.061418,63.97,64.01
2025-05-27 01:52:21.125553,63.98,64.02
2025-05-27 01:52:21.865025,63.97,64.01
2025-05-27 01:52:22.627148,63.98,64.02
2025-05-27 01:52:38.382630,63.99,64.03
2025-05-27 01:52:49.716640,64.0,64.04
2025-05-27 01:53:13.011229,63.99,64.03
2025-05-27 01:53:17.786772,63.98,64.02
2025-05-27 01:53:19.181280,63.99,64.03
2025-05-27 01:53:19.650385,63.98,64.02
2025-05-27 01:53:28.834756,63.99,64.03
2025-05-27 01:53:31.111976,63.98,64.02
2025-05-27 01:53:51.734082,63.97,64.01
2025-05-27 01:53:53.068299,63.98,64.02
2025-05-27 01:54:15.294956,63.99,64.03
2025-05-27 01:54:25.772442,63.98,64.02
2025-05-27 01:54:33.869126,63.99,64.03
2025-05-27 01:54:34.804496,64.0,64.04
2025-05-27 01:54:41.899170,63.99,64.03
2025-05-27 01:54:45.924796,63.98,64.02
2025-05-27 01:55:14.329333,63.99,64.03
2025-05-27 01:55:17.001860,63.98,64.02
2025-05-27 01:55:19.228404,63.99,64.03
2025-05-27 01:55:36.950301,63.98,64.02
2025-05-27 01:56:04.752778,63.97,64.01
2025-05-27 01:56:22.151156,63.98,64.02
2025-05-27 01:57:49.715346,64.0,64.04
2025-05-27 01:57:51.013063,63.99,64.03
2025-05-27 01:58:00.822159,63.98,64.02
2025-05-27 01:58:01.742161,63.99,64.03
2025-05-27 01:58:09.574153,63.98,64.02
2025-05-27 01:58:13.707792,63.99,64.03
2025-05-27 01:58:13.956086,63.98,64.02
2025-05-27 01:58:22.219816,63.99,64.03
2025-05-27 01:58:26.886529,63.98,64.02
2025-05-27 01:58:47.529592,63.97,64.01
2025-05-27 01:59:04.657615,63.98,64.02
2025-05-27 01:59:07.009000,63.99,64.03
2025-05-27 01:59:24.106868,63.98,64.02
2025-05-27 02:00:00.172513,63.97,64.01
2025-05-27 02:00:00.419952,63.98,64.02
2025-05-27 02:00:09.554161,63.97,64.01
2025-05-27 02:00:37.920681,63.96,64.0
2025-05-27 02:00:44.243823,63.97,64.01
2025-05-27 02:00:54.330719,63.96,64.0
2025-05-27 02:00:58.478997,63.95,63.99
2025-05-27 02:01:08.108371,63.94,63.98
2025-05-27 02:01:10.971804,63.93,63.97
2025-05-27 02:01:17.592439,63.92,63.96
2025-05-27 02:01:19.396082,63.93,63.97
2025-05-27 02:01:36.238120,63.92,63.96
2025-05-27 02:01:43.867516,63.91,63.95
2025-05-27 02:01:46.278985,63.92,63.96
2025-05-27 02:01:50.322672,63.91,63.95
2025-05-27 02:01:52.619404,63.92,63.96
2025-05-27 02:01:59.884880,63.91,63.95
2025-05-27 02:02:01.484905,63.92,63.96
2025-05-27 02:02:06.497861,63.93,63.97
2025-05-27 02:02:15.477152,63.92,63.96
2025-05-27 02:02:20.999018,63.93,63.97
2025-05-27 02:02:23.830644,63.92,63.96
2025-05-27 02:02:24.263782,63.93,63.97
2025-05-27 02:02:27.361659,63.92,63.96
2025-05-27 02:02:29.849303,63.93,63.97
2025-05-27 02:02:32.213231,63.92,63.96
2025-05-27 02:02:32.278270,63.93,63.97
2025-05-27 02:02:34.276606,63.92,63.96
2025-05-27 02:02:41.189695,63.93,63.97
2025-05-27 02:02:43.138008,63.92,63.96
2025-05-27 02:02:45.479836,63.91,63.95
2025-05-27 02:02:50.767582,63.92,63.96
2025-05-27 02:02:52.633327,63.91,63.95
2025-05-27 02:02:52.798393,63.92,63.96
2025-05-27 02:02:54.943186,63.91,63.95
2025-05-27 02:02:55.519785,63.92,63.96
2025-05-27 02:03:00.788089,63.93,63.97
2025-05-27 02:03:11.922975,63.92,63.96
2025-05-27 02:03:19.814898,63.93,63.97
2025-05-27 02:03:21.414535,63.92,63.96
2025-05-27 02:03:21.745737,63.93,63.97
2025-05-27 02:03:24.613666,63.92,63.96
2025-05-27 02:03:26.136259,63.93,63.97
2025-05-27 02:03:33.128868,63.92,63.96
2025-05-27 02:04:25.811116,63.91,63.95
2025-05-27 02:04:27.272148,63.9,63.94
2025-05-27 02:04:42.043753,63.91,63.95
2025-05-27 02:04:56.074248,63.9,63.94
2025-05-27 02:05:02.327062,63.91,63.95
2025-05-27 02:05:02.763544,63.9,63.94
2025-05-27 02:05:23.979683,63.91,63.95
2025-05-27 02:05:56.102980,63.9,63.94
2025-05-27 02:06:14.949238,63.91,63.95
2025-05-27 02:06:15.964524,63.9,63.94
2025-05-27 02:06:21.254013,63.89,63.93
2025-05-27 02:06:29.934453,63.9,63.94
2025-05-27 02:06:38.002124,63.89,63.93
2025-05-27 02:07:00.096878,63.9,63.94
2025-05-27 02:07:28.251118,63.91,63.95
2025-05-27 02:07:37.961655,63.9,63.94
2025-05-27 02:07:46.751881,63.91,63.95
2025-05-27 02:08:00.667500,63.92,63.96
2025-05-27 02:08:00.905341,63.9,63.94
2025-05-27 02:08:04.532222,63.89,63.93
2025-05-27 02:08:16.005084,63.9,63.94
2025-05-27 02:08:52.141267,63.91,63.95
2025-05-27 02:08:55.574677,63.9,63.94
2025-05-27 02:09:13.845054,63.91,63.95
2025-05-27 02:09:16.796427,63.9,63.94
2025-05-27 02:09:33.401424,63.89,63.93
2025-05-27 02:09:34.183834,63.9,63.94
2025-05-27 02:09:49.146898,63.89,63.93
2025-05-27 02:09:54.120650,63.88,63.92
2025-05-27 02:10:01.420306,63.89,63.93
2025-05-27 02:10:04.147003,63.88,63.92
2025-05-27 02:10:14.994678,63.89,63.93
2025-05-27 02:10:25.478643,63.88,63.92
2025-05-27 02:10:47.872893,63.87,63.91
2025-05-27 02:10:55.598987,63.88,63.92
2025-05-27 02:11:08.710533,63.87,63.91
2025-05-27 02:12:06.923048,63.88,63.92
2025-05-27 02:12:07.113199,63.87,63.91
2025-05-27 02:12:40.659899,63.88,63.92
2025-05-27 02:12:42.099902,63.87,63.91
2025-05-27 02:12:58.406657,63.88,63.92
2025-05-27 02:13:12.662325,63.87,63.91
2025-05-27 02:13:21.235855,63.88,63.92
2025-05-27 02:13:53.881618,63.89,63.93
2025-05-27 02:14:39.289381,63.9,63.94
2025-05-27 02:15:10.422982,63.91,63.95
2025-05-27 02:16:10.198244,63.92,63.96
2025-05-27 02:16:18.416197,63.91,63.95
2025-05-27 02:16:25.779456,63.9,63.94
2025-05-27 02:16:36.871427,63.89,63.93
2025-05-27 02:17:40.224457,63.88,63.92
2025-05-27 02:17:52.419913,63.87,63.91
2025-05-27 02:17:57.774276,63.88,63.92
2025-05-27 02:18:32.185920,63.89,63.93
2025-05-27 02:19:41.915358,63.88,63.92
2025-05-27 02:21:26.019168,63.89,63.93
2025-05-27 02:21:28.943931,63.88,63.92
2025-05-27 02:21:29.723266,63.87,63.91
2025-05-27 02:23:13.878756,63.88,63.92
2025-05-27 02:23:23.246637,63.89,63.93
2025-05-27 02:24:09.615698,63.9,63.94
2025-05-27 02:25:40.630777,63.91,63.95
2025-05-27 02:25:51.536902,63.92,63.96
2025-05-27 02:26:07.115981,63.91,63.95
2025-05-27 02:26:32.426334,63.9,63.94
2025-05-27 02:26:44.298606,63.91,63.95
2025-05-27 02:26:45.798634,63.9,63.94
2025-05-27 02:26:48.090755,63.91,63.95
2025-05-27 02:27:23.161018,63.92,63.96
2025-05-27 02:27:24.509616,63.93,63.97
2025-05-27 02:27:27.427141,63.92,63.96
2025-05-27 02:29:01.888960,63.91,63.95
2025-05-27 02:29:09.403553,63.9,63.94
2025-05-27 02:29:43.845193,63.91,63.95
2025-05-27 02:29:49.893991,63.9,63.94
2025-05-27 02:30:05.504347,63.89,63.93
2025-05-27 02:30:07.018070,63.87,63.91
2025-05-27 02:30:16.059478,63.88,63.92
2025-05-27 02:30:17.462465,63.87,63.91
2025-05-27 02:30:19.731820,63.88,63.92
2025-05-27 02:30:23.289266,63.87,63.91
2025-05-27 02:31:25.272659,63.86,63.9
2025-05-27 02:31:40.350023,63.87,63.91
2025-05-27 02:31:41.454342,63.86,63.9
2025-05-27 02:31:41.931827,63.84,63.88
2025-05-27 02:31:45.112861,63.85,63.89
2025-05-27 02:31:47.075772,63.86,63.9
2025-05-27 02:31:49.955844,63.85,63.89
2025-05-27 02:31:51.211986,63.84,63.88
2025-05-27 02:31:53.401254,63.85,63.89
2025-05-27 02:31:54.716622,63.84,63.88
2025-05-27 02:31:56.091857,63.85,63.89
2025-05-27 02:32:04.532332,63.84,63.88
2025-05-27 02:32:05.930736,63.85,63.89
2025-05-27 02:32:19.807549,63.86,63.9
2025-05-27 02:32:30.356826,63.85,63.89
2025-05-27 02:32:49.161891,63.86,63.9
2025-05-27 02:32:52.624063,63.85,63.89
2025-05-27 02:32:55.505113,63.86,63.9
2025-05-27 02:33:02.094971,63.87,63.91
2025-05-27 02:33:02.578186,63.86,63.9
2025-05-27 02:33:08.461659,63.87,63.91
2025-05-27 02:33:08.713231,63.86,63.9
2025-05-27 02:33:28.465025,63.87,63.91
2025-05-27 02:33:29.975725,63.86,63.9
2025-05-27 02:33:41.315093,63.87,63.91
2025-05-27 02:33:52.970879,63.88,63.92
2025-05-27 02:33:53.299954,63.89,63.93
2025-05-27 02:33:56.177480,63.9,63.94
2025-05-27 02:33:57.113019,63.89,63.93
2025-05-27 02:34:00.433755,63.9,63.94
2025-05-27 02:34:01.380702,63.91,63.95
2025-05-27 02:34:02.405701,63.9,63.94
2025-05-27 02:34:05.328765,63.91,63.95
2025-05-27 02:34:10.592723,63.9,63.94
2025-05-27 02:34:12.312866,63.91,63.95
2025-05-27 02:34:18.374382,63.93,63.97
2025-05-27 02:34:19.821915,63.92,63.96
2025-05-27 02:34:26.996571,63.91,63.95
2025-05-27 02:34:30.584046,63.92,63.96
2025-05-27 02:34:33.073953,63.93,63.97
2025-05-27 02:34:33.945170,63.92,63.96
2025-05-27 02:34:45.927618,63.93,63.97
2025-05-27 02:35:16.160024,63.92,63.96
2025-05-27 02:35:35.043725,63.93,63.97
2025-05-27 02:35:35.979746,63.92,63.96
2025-05-27 02:35:43.812897,63.91,63.95
2025-05-27 02:36:02.653885,63.92,63.96
2025-05-27 02:36:04.078323,63.91,63.95
2025-05-27 02:36:15.757804,63.92,63.96
2025-05-27 02:36:19.161946,63.94,63.98
2025-05-27 02:36:19.919078,63.93,63.97
2025-05-27 02:36:28.824717,63.94,63.98
2025-05-27 02:36:30.637267,63.93,63.97
2025-05-27 02:36:44.405643,63.94,63.98
2025-05-27 02:36:45.919491,63.95,63.99
2025-05-27 02:36:49.851140,63.94,63.98
2025-05-27 02:36:51.720652,63.95,63.99
2025-05-27 02:36:53.090186,63.94,63.98
2025-05-27 02:37:01.343037,63.95,63.99
2025-05-27 02:37:01.533010,63.94,63.98
2025-05-27 02:37:09.558556,63.93,63.97
2025-05-27 02:37:10.696615,63.92,63.96
2025-05-27 02:37:11.954835,63.93,63.97
2025-05-27 02:37:18.142400,63.92,63.96
2025-05-27 02:37:18.896983,63.93,63.97
2025-05-27 02:37:23.921582,63.92,63.96
2025-05-27 02:37:25.305931,63.93,63.97
2025-05-27 02:37:27.929485,63.94,63.98
2025-05-27 02:37:29.456249,63.93,63.97
2025-05-27 02:37:33.382296,63.94,63.98
2025-05-27 02:37:37.956106,63.95,63.99
2025-05-27 02:37:38.963556,63.94,63.98
2025-05-27 02:37:39.717116,63.95,63.99
2025-05-27 02:37:43.825133,63.96,64.0
2025-05-27 02:37:52.829405,63.97,64.01
2025-05-27 02:38:07.715767,63.96,64.0
2025-05-27 02:38:35.598138,63.97,64.01
2025-05-27 02:38:40.637482,63.96,64.0
2025-05-27 02:38:50.132527,63.97,64.01
2025-05-27 02:38:53.354355,63.98,64.02
2025-05-27 02:39:03.909667,63.97,64.01
2025-05-27 02:39:13.125369,63.98,64.02
2025-05-27 02:39:13.571531,63.97,64.01
2025-05-27 02:39:35.019157,63.96,64.0
2025-05-27 02:40:02.226338,63.95,63.99
2025-05-27 02:40:11.951435,63.96,64.0
2025-05-27 02:40:21.475204,63.97,64.01
2025-05-27 02:40:33.220169,63.96,64.0
2025-05-27 02:40:41.434210,63.95,63.99
2025-05-27 02:40:56.707345,63.97,64.01
2025-05-27 02:40:57.960543,63.96,64.0
2025-05-27 02:41:04.609733,63.97,64.01
2025-05-27 02:41:34.808616,63.98,64.02
2025-05-27 02:41:36.394862,63.97,64.01
2025-05-27 02:41:37.915790,63.96,64.0
2025-05-27 02:41:40.779920,63.97,64.01
2025-05-27 02:42:09.113564,63.96,64.0
2025-05-27 02:42:17.392907,63.95,63.99
2025-05-27 02:42:19.096522,63.94,63.98
2025-05-27 02:42:19.859207,63.95,63.99
2025-05-27 02:42:23.808534,63.94,63.98
2025-05-27 02:42:32.227348,63.93,63.97
2025-05-27 02:42:51.628328,63.94,63.98
2025-05-27 02:42:57.083895,63.93,63.97
2025-05-27 02:43:02.161192,63.92,63.96
2025-05-27 02:43:30.764053,63.91,63.95
2025-05-27 02:44:55.066326,63.92,63.96
2025-05-27 02:46:10.680084,63.91,63.95
2025-05-27 02:46:37.700239,63.92,63.96
2025-05-27 02:46:55.033291,63.93,63.97
2025-05-27 02:47:00.748397,63.94,63.98
2025-05-27 02:48:02.046588,63.93,63.97
2025-05-27 02:48:08.315959,63.92,63.96
2025-05-27 02:48:17.438795,63.93,63.97
2025-05-27 02:48:25.220364,63.92,63.96
2025-05-27 02:48:35.029554,63.93,63.97
2025-05-27 02:49:36.034219,63.94,63.98
2025-05-27 02:50:25.285989,63.95,63.99
2025-05-27 02:50:33.185541,63.96,64.0
2025-05-27 02:50:38.519208,63.95,63.99
2025-05-27 02:50:45.852633,63.96,64.0
2025-05-27 02:50:48.249799,63.95,63.99
2025-05-27 02:51:56.349949,63.94,63.98
2025-05-27 02:51:58.719572,63.95,63.99
2025-05-27 02:52:26.384654,63.96,64.0
2025-05-27 02:53:45.205298,63.97,64.01
2025-05-27 02:54:15.477475,63.98,64.02
2025-05-27 02:54:35.568251,63.99,64.03
2025-05-27 02:54:50.111260,63.98,64.02
2025-05-27 02:54:56.745800,63.99,64.03
2025-05-27 02:54:59.011722,63.98,64.02
2025-05-27 02:55:02.488168,63.99,64.03
2025-05-27 02:55:09.094049,63.98,64.02
2025-05-27 02:55:17.230341,63.99,64.03
2025-05-27 02:55:19.441596,64.0,64.04
2025-05-27 02:55:20.100126,63.99,64.03
2025-05-27 02:55:24.730997,64.0,64.04
2025-05-27 02:55:33.959977,63.99,64.03
2025-05-27 02:55:35.056482,63.98,64.02
2025-05-27 02:55:51.701634,63.99,64.03
2025-05-27 02:55:55.793307,64.0,64.04
2025-05-27 02:55:56.562933,63.99,64.03
2025-05-27 02:56:00.401075,64.0,64.04
2025-05-27 02:56:05.108976,63.99,64.03
2025-05-27 02:56:13.543542,63.98,64.02
2025-05-27 02:56:26.059645,63.99,64.03
2025-05-27 02:56:43.587896,64.0,64.04
2025-05-27 02:57:06.150402,63.99,64.03
2025-05-27 02:57:07.869498,64.0,64.04
2025-05-27 02:57:14.467687,63.99,64.03
2025-05-27 02:57:54.791602,64.0,64.04
2025-05-27 02:58:01.849933,63.99,64.03
2025-05-27 02:58:02.293723,63.98,64.02
2025-05-27 02:58:08.960714,63.97,64.01
2025-05-27 02:58:09.694317,63.95,63.99
2025-05-27 02:58:13.058444,63.94,63.98
2025-05-27 02:58:16.003077,63.95,63.99
2025-05-27 02:58:18.535465,63.96,64.0
2025-05-27 02:58:19.522898,63.95,63.99
2025-05-27 02:58:24.262626,63.96,64.0
2025-05-27 02:58:37.936916,63.97,64.01
2025-05-27 02:58:40.879106,63.96,64.0
2025-05-27 02:58:43.187939,63.97,64.01
2025-05-27 02:58:44.836972,63.96,64.0
2025-05-27 02:59:02.169175,63.97,64.01
2025-05-27 02:59:02.935221,63.96,64.0
2025-05-27 02:59:33.003404,63.98,64.02
2025-05-27 03:00:05.543561,63.99,64.03
2025-05-27 03:00:20.995167,64.0,64.04
2025-05-27 03:00:25.958310,63.99,64.03
2025-05-27 03:00:26.531888,63.98,64.02
2025-05-27 03:00:29.829545,63.99,64.03
2025-05-27 03:00:30.647984,64.0,64.04
2025-05-27 03:00:32.401442,63.99,64.03
2025-05-27 03:00:48.151885,63.98,64.02
2025-05-27 03:00:53.092044,63.99,64.03
2025-05-27 03:01:01.075700,63.98,64.02
2025-05-27 03:01:07.663066,63.99,64.03
2025-05-27 03:01:09.481708,63.98,64.02
2025-05-27 03:01:42.152737,63.99,64.03
2025-05-27 03:01:47.062107,63.98,64.02
2025-05-27 03:02:03.991232,63.99,64.03
2025-05-27 03:02:07.372830,64.0,64.04
2025-05-27 03:02:10.524345,63.99,64.03
2025-05-27 03:02:36.292253,63.98,64.02
2025-05-27 03:03:10.044504,63.99,64.03
2025-05-27 03:03:24.685540,63.98,64.02
2025-05-27 03:03:28.756556,63.97,64.01
2025-05-27 03:03:31.037313,63.98,64.02
2025-05-27 03:03:34.930955,63.97,64.01
2025-05-27 03:03:35.695465,63.98,64.02
2025-05-27 03:03:46.656743,63.97,64.01
2025-05-27 03:03:47.868364,63.96,64.0
2025-05-27 03:03:49.288329,63.97,64.01
2025-05-27 03:04:25.717418,63.98,64.02
2025-05-27 03:04:52.437104,63.99,64.03
2025-05-27 03:04:53.179838,63.98,64.02
2025-05-27 03:05:01.494520,63.97,64.01
2025-05-27 03:05:07.187284,63.96,64.0
2025-05-27 03:05:18.174194,63.95,63.99
2025-05-27 03:05:20.411394,63.96,64.0
2025-05-27 03:05:44.555317,63.95,63.99
2025-05-27 03:05:45.308015,63.96,64.0
2025-05-27 03:06:03.264317,63.97,64.01
2025-05-27 03:06:07.303899,63.96,64.0
2025-05-27 03:06:36.504434,63.95,63.99
2025-05-27 03:06:39.494652,63.96,64.0
2025-05-27 03:06:48.286320,63.97,64.01
2025-05-27 03:07:00.739116,63.96,64.0
2025-05-27 03:07:02.249974,63.95,63.99
2025-05-27 03:07:07.561590,63.96,64.0
2025-05-27 03:07:09.243898,63.97,64.01
2025-05-27 03:07:10.761903,63.96,64.0
2025-05-27 03:07:12.258058,63.97,64.01
2025-05-27 03:07:13.408551,63.96,64.0
2025-05-27 03:07:17.801036,63.97,64.01
2025-05-27 03:07:18.878712,63.96,64.0
2025-05-27 03:07:28.460698,63.97,64.01
2025-05-27 03:07:30.098391,63.96,64.0
2025-05-27 03:07:48.281376,63.97,64.01
2025-05-27 03:08:53.707764,63.98,64.02
2025-05-27 03:09:13.408498,63.97,64.01
2025-05-27 03:09:27.855284,63.96,64.0
2025-05-27 03:10:03.214566,63.95,63.99
2025-05-27 03:10:29.202459,63.94,63.98
2025-05-27 03:10:46.868826,63.93,63.97
2025-05-27 03:10:54.523629,63.92,63.96
2025-05-27 03:11:03.030081,63.93,63.97
2025-05-27 03:11:14.680287,63.94,63.98
2025-05-27 03:11:15.825413,63.93,63.97
2025-05-27 03:11:16.873924,63.94,63.98
2025-05-27 03:11:39.845165,63.93,63.97
2025-05-27 03:12:35.334564,63.92,63.96
2025-05-27 03:12:38.568517,63.93,63.97
2025-05-27 03:12:40.160539,63.92,63.96
2025-05-27 03:12:44.087466,63.93,63.97
2025-05-27 03:13:00.078694,63.92,63.96
2025-05-27 03:13:05.046483,63.91,63.95
2025-05-27 03:13:06.830738,63.92,63.96
2025-05-27 03:13:11.370417,63.91,63.95
2025-05-27 03:13:28.767915,63.9,63.94
2025-05-27 03:13:41.765576,63.91,63.95
2025-05-27 03:14:06.134575,63.9,63.94
2025-05-27 03:14:09.387206,63.91,63.95
2025-05-27 03:14:49.152034,63.9,63.94
2025-05-27 03:15:24.429747,63.91,63.95
2025-05-27 03:15:45.745699,63.9,63.94
2025-05-27 03:15:49.866868,63.91,63.95
2025-05-27 03:16:58.407687,63.9,63.94
2025-05-27 03:17:02.824238,63.91,63.95
2025-05-27 03:17:06.595221,63.9,63.94
2025-05-27 03:17:12.887234,63.91,63.95
2025-05-27 03:17:38.094193,63.92,63.96
2025-05-27 03:17:49.479355,63.91,63.95
2025-05-27 03:17:56.333503,63.92,63.96
2025-05-27 03:18:07.554384,63.91,63.95
2025-05-27 03:18:17.839130,63.9,63.94
2025-05-27 03:18:19.923477,63.89,63.93
2025-05-27 03:18:28.409498,63.9,63.94
2025-05-27 03:18:30.005016,63.89,63.93
2025-05-27 03:18:32.563912,63.9,63.94
2025-05-27 03:18:50.974415,63.91,63.95
2025-05-27 03:19:00.049597,63.92,63.96
2025-05-27 03:19:00.802565,63.93,63.97
2025-05-27 03:19:01.183275,63.92,63.96
2025-05-27 03:19:06.431207,63.93,63.97
2025-05-27 03:19:09.406325,63.92,63.96
2025-05-27 03:20:06.663421,63.93,63.97
2025-05-27 03:20:39.149035,63.92,63.96
2025-05-27 03:21:05.319071,63.91,63.95
2025-05-27 03:21:34.041280,63.92,63.96
2025-05-27 03:22:20.496941,63.91,63.95
2025-05-27 03:22:25.040832,63.9,63.94
2025-05-27 03:22:37.137062,63.91,63.95
2025-05-27 03:22:43.106374,63.9,63.94
2025-05-27 03:22:53.479858,63.89,63.93
2025-05-27 03:23:03.982516,63.9,63.94
2025-05-27 03:23:21.075855,63.89,63.93
2025-05-27 03:23:22.350768,63.9,63.94
2025-05-27 03:23:27.343961,63.89,63.93
2025-05-27 03:23:40.305834,63.88,63.92
2025-05-27 03:23:52.583300,63.89,63.93
2025-05-27 03:23:58.502856,63.88,63.92
2025-05-27 03:24:06.742209,63.89,63.93
2025-05-27 03:24:12.145182,63.88,63.92
2025-05-27 03:24:28.168727,63.89,63.93
2025-05-27 03:24:33.242122,63.88,63.92
2025-05-27 03:24:34.088826,63.89,63.93
2025-05-27 03:24:34.832566,63.88,63.92
2025-05-27 03:24:37.535947,63.89,63.93
2025-05-27 03:25:00.510466,63.88,63.92
2025-05-27 03:25:05.028434,63.89,63.93
2025-05-27 03:25:22.365262,63.9,63.94
2025-05-27 03:25:42.077216,63.89,63.93
2025-05-27 03:26:32.938073,63.9,63.94
2025-05-27 03:26:48.863567,63.91,63.95
2025-05-27 03:27:24.466925,63.9,63.94
2025-05-27 03:27:35.348515,63.91,63.95
2025-05-27 03:27:42.230119,63.92,63.96
2025-05-27 03:27:48.330862,63.91,63.95
2025-05-27 03:27:53.462225,63.9,63.94
2025-05-27 03:27:56.605328,63.89,63.93
2025-05-27 03:28:04.108990,63.9,63.94
2025-05-27 03:28:48.023803,63.91,63.95
2025-05-27 03:28:52.381934,63.9,63.94
2025-05-27 03:28:54.073492,63.91,63.95
2025-05-27 03:29:03.145625,63.92,63.96
2025-05-27 03:29:04.909038,63.93,63.97
2025-05-27 03:29:16.000775,63.94,63.98
2025-05-27 03:29:35.562807,63.95,63.99
2025-05-27 03:29:55.061241,63.94,63.98
2025-05-27 03:29:58.356347,63.95,63.99
2025-05-27 03:30:04.015920,63.94,63.98
2025-05-27 03:30:17.149772,63.95,63.99
2025-05-27 03:30:18.703595,63.94,63.98
2025-05-27 03:30:33.739053,63.95,63.99
2025-05-27 03:30:39.685383,63.96,64.0
2025-05-27 03:30:44.317710,63.94,63.98
2025-05-27 03:31:18.190676,63.93,63.97
2025-05-27 03:31:30.918064,63.94,63.98
2025-05-27 03:32:02.784033,63.95,63.99
2025-05-27 03:32:14.258174,63.94,63.98
2025-05-27 03:32:52.205286,63.93,63.97
2025-05-27 03:34:12.142375,63.91,63.95
2025-05-27 03:34:29.335700,63.92,63.96
2025-05-27 03:34:32.437070,63.91,63.95
2025-05-27 03:36:00.489338,63.9,63.94
2025-05-27 03:37:21.776589,63.91,63.95
2025-05-27 03:37:36.007346,63.92,63.96
2025-05-27 03:38:21.644450,63.91,63.95
2025-05-27 03:38:42.972936,63.9,63.94
2025-05-27 03:38:54.637934,63.91,63.95
2025-05-27 03:39:00.427618,63.9,63.94
2025-05-27 03:39:57.317851,63.89,63.93
2025-05-27 03:40:13.712168,63.9,63.94
2025-05-27 03:40:19.352115,63.89,63.93
2025-05-27 03:40:58.146700,63.9,63.94
2025-05-27 03:41:17.932898,63.89,63.93
2025-05-27 03:41:56.349767,63.9,63.94
2025-05-27 03:42:20.992229,63.89,63.93
2025-05-27 03:43:03.790524,63.91,63.95
2025-05-27 03:43:12.191063,63.92,63.96
2025-05-27 03:43:26.002199,63.91,63.95
2025-05-27 03:44:13.862249,63.9,63.94
2025-05-27 03:44:24.085085,63.91,63.95
2025-05-27 03:44:31.722186,63.9,63.94
2025-05-27 03:44:53.068660,63.91,63.95
2025-05-27 03:45:25.077153,63.93,63.97
2025-05-27 03:45:38.282746,63.92,63.96
2025-05-27 03:45:50.332862,63.91,63.95
2025-05-27 03:46:22.316799,63.9,63.94
2025-05-27 03:46:53.782011,63.91,63.95
2025-05-27 03:47:20.054084,63.92,63.96
2025-05-27 03:47:33.702333,63.91,63.95
2025-05-27 03:48:52.916511,63.92,63.96
2025-05-27 03:49:26.860164,63.94,63.98
2025-05-27 03:49:33.374467,63.93,63.97
2025-05-27 03:49:39.852146,63.94,63.98
2025-05-27 03:49:57.641197,63.93,63.97
2025-05-27 03:50:14.521036,63.94,63.98
2025-05-27 03:50:24.517779,63.93,63.97
2025-05-27 03:50:37.731704,63.94,63.98
2025-05-27 03:50:40.469837,63.93,63.97
2025-05-27 03:51:06.189883,63.94,63.98
2025-05-27 03:52:16.356419,63.93,63.97
2025-05-27 03:55:17.556120,63.92,63.96
2025-05-27 03:56:01.595618,63.93,63.97
2025-05-27 03:56:21.772880,63.92,63.96
2025-05-27 03:56:59.020285,63.93,63.97
2025-05-27 03:57:02.421700,63.92,63.96
2025-05-27 03:57:16.528666,63.93,63.97
2025-05-27 03:57:44.109463,63.94,63.98
2025-05-27 03:58:45.772844,63.95,63.99
2025-05-27 03:58:53.336811,63.94,63.98
2025-05-27 03:58:58.768766,63.93,63.97
2025-05-27 03:59:25.225617,63.94,63.98
2025-05-27 03:59:31.794110,63.95,63.99
2025-05-27 03:59:46.077054,63.96,64.0
2025-05-27 03:59:59.850297,63.95,63.99
2025-05-27 04:00:07.788621,63.94,63.98
2025-05-27 04:00:14.596727,63.93,63.97
2025-05-27 04:00:19.005494,63.94,63.98
2025-05-27 04:00:47.579838,63.95,63.99
2025-05-27 04:00:53.738207,63.94,63.98
2025-05-27 04:01:43.774716,63.95,63.99
2025-05-27 04:02:05.876953,63.94,63.98
2025-05-27 04:02:15.512030,63.95,63.99
2025-05-27 04:02:23.886608,63.94,63.98
2025-05-27 04:03:23.068023,63.93,63.97
2025-05-27 04:04:21.708022,63.94,63.98
2025-05-27 04:04:29.737938,63.93,63.97
2025-05-27 04:05:09.285563,63.94,63.98
2025-05-27 04:05:20.793555,63.93,63.97
2025-05-27 04:05:40.334811,63.94,63.98
2025-05-27 04:05:41.091500,63.93,63.97
2025-05-27 04:08:58.046675,63.95,63.99
2025-05-27 04:09:26.849934,63.96,64.0
2025-05-27 04:10:08.778916,63.95,63.99
2025-05-27 04:10:23.473106,63.96,64.0
2025-05-27 04:13:46.008976,63.95,63.99
2025-05-27 04:13:47.032638,63.96,64.0
2025-05-27 04:14:39.772347,63.95,63.99
2025-05-27 04:19:00.974130,63.96,64.0
2025-05-27 04:19:27.135496,63.95,63.99
2025-05-27 04:19:32.435762,63.96,64.0
2025-05-27 04:19:54.584690,63.98,64.02
2025-05-27 04:19:56.107797,63.97,64.01
2025-05-27 04:20:03.561207,63.98,64.02
2025-05-27 04:20:38.436064,63.97,64.01
2025-05-27 04:20:43.421175,63.98,64.02
2025-05-27 04:20:44.940486,63.97,64.01
2025-05-27 04:22:58.225101,63.98,64.02
2025-05-27 04:23:00.508513,63.97,64.01
2025-05-27 04:23:02.305727,63.96,64.0
2025-05-27 04:23:13.389221,63.95,63.99
2025-05-27 04:23:34.784104,63.96,64.0
2025-05-27 04:23:43.983674,63.95,63.99
2025-05-27 04:23:45.419477,63.96,64.0
2025-05-27 04:23:46.179930,63.95,63.99
2025-05-27 04:23:59.569695,63.96,64.0
2025-05-27 04:24:57.564552,63.95,63.99
2025-05-27 04:26:51.846798,63.96,64.0
2025-05-27 04:27:00.883725,63.97,64.01
2025-05-27 04:27:02.202044,63.96,64.0
2025-05-27 04:27:47.606468,63.97,64.01
2025-05-27 04:27:53.596849,63.96,64.0
2025-05-27 04:28:26.355297,63.97,64.01
2025-05-27 04:28:43.272903,63.96,64.0
2025-05-27 04:28:58.852925,63.95,63.99
2025-05-27 04:29:00.982125,63.96,64.0
2025-05-27 04:29:35.444512,63.95,63.99
2025-05-27 04:29:44.209538,63.96,64.0
2025-05-27 04:29:55.275630,63.95,63.99
2025-05-27 04:30:33.170853,63.96,64.0
2025-05-27 04:31:25.005642,63.97,64.01
2025-05-27 04:32:06.835995,63.96,64.0
2025-05-27 04:32:22.681834,63.95,63.99
2025-05-27 04:32:42.887113,63.96,64.0
2025-05-27 04:32:44.192844,63.95,63.99
2025-05-27 04:33:00.675777,63.94,63.98
2025-05-27 04:33:01.888269,63.93,63.97
2025-05-27 04:33:13.327208,63.94,63.98
2025-05-27 04:34:06.930190,63.93,63.97
2025-05-27 04:34:23.245036,63.94,63.98
2025-05-27 04:34:25.822075,63.93,63.97
2025-05-27 04:34:39.278881,63.94,63.98
2025-05-27 04:35:41.971342,63.96,64.0
2025-05-27 04:36:03.688708,63.95,63.99
2025-05-27 04:36:17.029323,63.96,64.0
2025-05-27 04:36:31.534968,63.95,63.99
2025-05-27 04:37:04.247966,63.94,63.98
2025-05-27 04:37:15.769192,63.95,63.99
2025-05-27 04:37:20.360707,63.96,64.0
2025-05-27 04:37:37.762936,63.95,63.99
2025-05-27 04:37:51.149984,63.96,64.0
2025-05-27 04:37:59.694631,63.95,63.99
2025-05-27 04:38:38.389172,63.96,64.0
2025-05-27 04:38:40.901295,63.95,63.99
2025-05-27 04:38:49.919243,63.96,64.0
2025-05-27 04:39:02.588046,63.95,63.99
2025-05-27 04:39:34.759985,63.96,64.0
2025-05-27 04:39:59.161725,63.95,63.99
2025-05-27 04:40:19.480105,63.96,64.0
2025-05-27 04:41:49.323416,63.95,63.99
2025-05-27 04:42:43.645354,63.96,64.0
2025-05-27 04:43:00.780709,63.95,63.99
2025-05-27 04:43:09.276121,63.96,64.0
2025-05-27 04:43:16.231913,63.97,64.01
2025-05-27 04:43:57.928521,63.96,64.0
2025-05-27 04:44:17.811365,63.95,63.99
2025-05-27 04:44:30.584551,63.96,64.0
2025-05-27 04:46:03.156280,63.95,63.99
2025-05-27 04:46:15.499518,63.96,64.0
2025-05-27 04:46:44.431637,63.95,63.99
2025-05-27 04:48:18.579346,63.94,63.98
2025-05-27 04:49:13.394540,63.95,63.99
2025-05-27 04:49:27.394563,63.94,63.98
2025-05-27 04:50:05.411796,63.93,63.97
2025-05-27 04:51:04.170644,63.92,63.96
2025-05-27 04:51:58.857368,63.91,63.95
2025-05-27 04:52:55.257968,63.9,63.94
2025-05-27 04:53:00.338762,63.91,63.95
2025-05-27 04:53:02.519864,63.9,63.94
2025-05-27 04:55:51.088883,63.89,63.93
2025-05-27 04:56:15.451107,63.88,63.92
2025-05-27 04:56:16.212907,63.89,63.93
2025-05-27 04:56:17.715265,63.88,63.92
2025-05-27 04:56:19.155324,63.89,63.93
2025-05-27 04:56:34.380159,63.88,63.92
2025-05-27 04:57:02.440635,63.87,63.91
2025-05-27 04:57:04.254121,63.88,63.92
2025-05-27 04:57:19.951207,63.89,63.93
2025-05-27 04:57:52.239904,63.88,63.92
2025-05-27 04:58:07.955712,63.89,63.93
2025-05-27 04:58:20.963299,63.88,63.92
2025-05-27 04:58:22.484979,63.89,63.93
2025-05-27 04:58:50.288180,63.88,63.92
2025-05-27 04:58:56.864724,63.87,63.91
2025-05-27 05:00:19.965612,63.86,63.9
2025-05-27 05:00:32.958165,63.85,63.89
2025-05-27 05:00:33.687160,63.83,63.87
2025-05-27 05:00:34.009804,63.84,63.88
2025-05-27 05:00:35.551726,63.83,63.87
2025-05-27 05:00:44.030335,63.82,63.86
2025-05-27 05:00:48.211909,63.83,63.87
2025-05-27 05:00:49.696781,63.82,63.86
2025-05-27 05:00:59.617398,63.83,63.87
2025-05-27 05:01:02.034709,63.85,63.89
2025-05-27 05:01:03.472657,63.86,63.9
2025-05-27 05:01:05.237013,63.87,63.91
2025-05-27 05:01:06.029252,63.86,63.9
2025-05-27 05:01:09.097775,63.85,63.89
2025-05-27 05:01:21.296503,63.84,63.88
2025-05-27 05:01:33.088633,63.85,63.89
2025-05-27 05:01:34.190905,63.86,63.9
2025-05-27 05:01:37.574761,63.85,63.89
2025-05-27 05:01:39.074404,63.86,63.9
2025-05-27 05:01:53.905779,63.87,63.91
2025-05-27 05:01:59.222603,63.88,63.92
2025-05-27 05:02:03.198367,63.87,63.91
2025-05-27 05:02:07.346656,63.88,63.92
2025-05-27 05:02:14.044197,63.87,63.91
2025-05-27 05:02:35.060174,63.88,63.92
2025-05-27 05:02:42.437330,63.89,63.93
2025-05-27 05:02:44.962482,63.88,63.92
2025-05-27 05:02:58.272551,63.89,63.93
2025-05-27 05:03:02.197430,63.88,63.92
2025-05-27 05:03:17.506561,63.87,63.91
2025-05-27 05:03:20.576099,63.88,63.92
2025-05-27 05:03:59.984612,63.87,63.91
2025-05-27 05:04:14.996746,63.88,63.92
2025-05-27 05:04:15.741092,63.87,63.91
2025-05-27 05:04:38.425041,63.86,63.9
2025-05-27 05:04:39.688017,63.87,63.91
2025-05-27 05:04:48.144579,63.86,63.9
2025-05-27 05:04:52.287408,63.87,63.91
2025-05-27 05:05:06.822061,63.86,63.9
2025-05-27 05:05:10.836776,63.87,63.91
2025-05-27 05:05:15.360733,63.86,63.9
2025-05-27 05:05:16.557827,63.87,63.91
2025-05-27 05:05:17.351448,63.86,63.9
2025-05-27 05:05:18.867867,63.87,63.91
2025-05-27 05:05:46.253091,63.88,63.92
2025-05-27 05:06:03.312927,63.89,63.93
2025-05-27 05:06:47.352678,63.9,63.94
2025-05-27 05:06:58.409685,63.91,63.95
2025-05-27 05:06:59.598539,63.9,63.94
2025-05-27 05:07:01.341928,63.89,63.93
2025-05-27 05:07:02.274910,63.88,63.92
2025-05-27 05:07:30.781903,63.87,63.91
2025-05-27 05:07:41.564488,63.86,63.9
2025-05-27 05:08:04.835001,63.85,63.89
2025-05-27 05:08:30.287393,63.86,63.9
2025-05-27 05:08:32.353433,63.85,63.89
2025-05-27 05:08:36.387544,63.86,63.9
2025-05-27 05:08:37.186650,63.85,63.89
2025-05-27 05:08:39.095236,63.86,63.9
2025-05-27 05:08:50.753343,63.85,63.89
2025-05-27 05:09:02.286579,63.84,63.88
2025-05-27 05:09:03.298550,63.85,63.89
2025-05-27 05:09:41.251708,63.86,63.9
2025-05-27 05:09:43.482999,63.85,63.89
2025-05-27 05:10:26.199037,63.86,63.9
2025-05-27 05:10:39.892792,63.85,63.89
2025-05-27 05:11:03.653348,63.84,63.88
2025-05-27 05:11:04.853602,63.85,63.89
2025-05-27 05:11:16.692666,63.84,63.88
2025-05-27 05:11:26.338005,63.85,63.89
2025-05-27 05:11:29.045160,63.84,63.88
2025-05-27 05:11:36.711254,63.85,63.89
2025-05-27 05:11:38.162019,63.84,63.88
2025-05-27 05:11:47.946553,63.85,63.89
2025-05-27 05:11:55.214835,63.84,63.88
2025-05-27 05:11:56.401056,63.85,63.89
2025-05-27 05:12:01.566542,63.84,63.88
2025-05-27 05:12:06.954441,63.85,63.89
2025-05-27 05:12:08.015566,63.84,63.88
2025-05-27 05:12:14.095628,63.85,63.89
2025-05-27 05:12:15.548985,63.84,63.88
2025-05-27 05:13:20.634131,63.83,63.87
2025-05-27 05:13:22.144444,63.82,63.86
2025-05-27 05:13:41.375052,63.83,63.87
2025-05-27 05:13:42.683408,63.82,63.86
2025-05-27 05:14:37.933636,63.81,63.85
2025-05-27 05:14:40.821976,63.8,63.84
2025-05-27 05:14:42.001022,63.79,63.83
2025-05-27 05:14:42.728198,63.8,63.84
2025-05-27 05:14:52.665002,63.81,63.85
2025-05-27 05:14:54.948293,63.8,63.84
2025-05-27 05:15:18.883409,63.78,63.82
2025-05-27 05:15:19.874685,63.79,63.83
2025-05-27 05:15:25.262422,63.78,63.82
2025-05-27 05:15:50.460980,63.79,63.83
2025-05-27 05:15:52.256478,63.78,63.82
2025-05-27 05:15:53.399077,63.79,63.83
2025-05-27 05:16:00.669490,63.8,63.84
2025-05-27 05:16:01.401920,63.79,63.83
2025-05-27 05:16:26.237635,63.78,63.82
2025-05-27 05:16:56.068780,63.79,63.83
2025-05-27 05:17:11.207007,63.8,63.84
2025-05-27 05:17:21.500991,63.79,63.83
2025-05-27 05:17:38.082475,63.78,63.82
2025-05-27 05:17:51.334144,63.79,63.83
2025-05-27 05:17:52.410980,63.78,63.82
2025-05-27 05:18:21.433812,63.77,63.81
2025-05-27 05:19:00.590022,63.78,63.82
2025-05-27 05:19:05.507584,63.77,63.81
2025-05-27 05:19:57.392057,63.78,63.82
2025-05-27 05:20:02.641441,63.77,63.81
2025-05-27 05:20:11.497370,63.78,63.82
2025-05-27 05:20:24.982110,63.79,63.83
2025-05-27 05:20:31.378879,63.77,63.81
2025-05-27 05:21:16.884148,63.78,63.82
2025-05-27 05:22:28.759051,63.79,63.83
2025-05-27 05:23:03.509960,63.8,63.84
2025-05-27 05:23:31.245607,63.78,63.82
2025-05-27 05:23:48.355039,63.79,63.83
2025-05-27 05:23:52.208143,63.8,63.84
2025-05-27 05:24:07.263844,63.85,63.89
2025-05-27 05:24:09.571196,63.87,63.91
2025-05-27 05:24:10.020826,63.86,63.9
2025-05-27 05:24:13.312630,63.85,63.89
2025-05-27 05:24:14.343313,63.86,63.9
2025-05-27 05:24:21.267958,63.85,63.89
2025-05-27 05:24:24.578259,63.84,63.88
2025-05-27 05:24:32.610425,63.83,63.87
2025-05-27 05:24:59.623181,63.84,63.88
2025-05-27 05:25:17.854158,63.83,63.87
2025-05-27 05:25:18.946674,63.84,63.88
2025-05-27 05:25:29.683835,63.85,63.89
2025-05-27 05:25:31.198619,63.86,63.9
2025-05-27 05:25:33.129331,63.85,63.89
2025-05-27 05:25:35.248509,63.86,63.9
2025-05-27 05:25:57.665004,63.87,63.91
2025-05-27 05:25:58.670908,63.86,63.9
2025-05-27 05:26:08.050678,63.87,63.91
2025-05-27 05:26:30.555837,63.85,63.89
2025-05-27 05:26:33.773495,63.86,63.9
2025-05-27 05:26:33.945008,63.85,63.89
2025-05-27 05:26:54.955733,63.86,63.9
2025-05-27 05:26:57.150789,63.85,63.89
2025-05-27 05:26:58.636471,63.86,63.9
2025-05-27 05:27:05.312345,63.87,63.91
2025-05-27 05:28:20.616427,63.88,63.92
2025-05-27 05:28:38.980592,63.87,63.91
2025-05-27 05:30:00.791137,63.88,63.92
2025-05-27 05:30:01.824727,63.87,63.91
2025-05-27 05:30:02.428111,63.85,63.89
2025-05-27 05:30:08.589463,63.86,63.9
2025-05-27 05:30:09.345271,63.85,63.89
2025-05-27 05:30:12.580971,63.86,63.9
2025-05-27 05:30:13.334976,63.85,63.89
2025-05-27 05:30:33.112250,63.84,63.88
2025-05-27 05:30:45.966985,63.82,63.86
2025-05-27 05:30:46.253214,63.81,63.85
2025-05-27 05:30:48.143383,63.8,63.84
2025-05-27 05:30:55.387811,63.79,63.83
2025-05-27 05:30:57.341483,63.78,63.82
2025-05-27 05:31:00.791273,63.77,63.81
2025-05-27 05:31:04.848712,63.78,63.82
2025-05-27 05:31:06.805223,63.79,63.83
2025-05-27 05:31:07.613354,63.78,63.82
2025-05-27 05:31:09.398376,63.79,63.83
2025-05-27 05:31:10.917934,63.78,63.82
2025-05-27 05:31:11.547190,63.79,63.83
2025-05-27 05:31:22.237024,63.8,63.84
2025-05-27 05:31:22.909732,63.79,63.83
2025-05-27 05:31:23.334494,63.8,63.84
2025-05-27 05:31:24.862434,63.79,63.83
2025-05-27 05:31:27.445582,63.78,63.82
2025-05-27 05:31:40.744765,63.77,63.81
2025-05-27 05:31:41.748235,63.78,63.82
2025-05-27 05:31:42.703316,63.77,63.81
2025-05-27 05:31:45.699711,63.78,63.82
2025-05-27 05:31:46.760634,63.77,63.81
2025-05-27 05:31:57.344859,63.78,63.82
2025-05-27 05:32:00.018922,63.77,63.81
2025-05-27 05:32:01.963359,63.78,63.82
2025-05-27 05:32:03.585674,63.77,63.81
2025-05-27 05:32:07.019554,63.76,63.8
2025-05-27 05:32:08.853897,63.77,63.81
2025-05-27 05:32:11.039231,63.76,63.8
2025-05-27 05:32:12.087667,63.75,63.79
2025-05-27 05:32:13.099226,63.74,63.78
2025-05-27 05:32:16.240065,63.75,63.79
2025-05-27 05:32:17.767987,63.74,63.78
2025-05-27 05:32:18.716525,63.75,63.79
2025-05-27 05:32:19.427272,63.74,63.78
2025-05-27 05:32:22.585549,63.72,63.76
2025-05-27 05:32:24.452585,63.71,63.75
2025-05-27 05:32:26.644978,63.72,63.76
2025-05-27 05:32:29.053855,63.71,63.75
2025-05-27 05:32:30.400676,63.72,63.76
2025-05-27 05:32:34.473142,63.73,63.77
2025-05-27 05:32:39.494661,63.72,63.76
2025-05-27 05:32:43.297521,63.73,63.77
2025-05-27 05:32:45.057739,63.72,63.76
2025-05-27 05:32:46.995148,63.73,63.77
2025-05-27 05:32:48.826286,63.74,63.78
2025-05-27 05:32:49.737376,63.73,63.77
2025-05-27 05:32:51.074401,63.74,63.78
2025-05-27 05:32:51.944368,63.73,63.77
2025-05-27 05:33:01.771770,63.74,63.78
2025-05-27 05:33:06.951859,63.75,63.79
2025-05-27 05:33:20.478418,63.77,63.81
2025-05-27 05:33:25.427776,63.78,63.82
2025-05-27 05:33:26.843451,63.77,63.81
2025-05-27 05:33:31.198345,63.78,63.82
2025-05-27 05:33:40.743537,63.77,63.81
2025-05-27 05:33:50.987521,63.76,63.8
2025-05-27 05:33:53.270763,63.75,63.79
2025-05-27 05:33:56.370178,63.76,63.8
2025-05-27 05:34:00.096903,63.77,63.81
2025-05-27 05:34:03.407016,63.76,63.8
2025-05-27 05:34:07.170825,63.77,63.81
2025-05-27 05:34:15.211377,63.78,63.82
2025-05-27 05:34:16.146571,63.77,63.81
2025-05-27 05:34:41.020728,63.76,63.8
2025-05-27 05:34:47.389137,63.77,63.81
2025-05-27 05:34:49.114713,63.76,63.8
2025-05-27 05:34:51.396361,63.77,63.81
2025-05-27 05:34:52.169210,63.76,63.8
2025-05-27 05:34:56.254180,63.77,63.81
2025-05-27 05:35:01.105378,63.75,63.79
2025-05-27 05:35:04.958905,63.76,63.8
2025-05-27 05:35:05.710384,63.77,63.81
2025-05-27 05:35:14.237871,63.76,63.8
2025-05-27 05:35:27.025940,63.75,63.79
2025-05-27 05:35:32.812719,63.74,63.78
2025-05-27 05:35:51.926461,63.72,63.76
2025-05-27 05:35:54.164256,63.71,63.75
2025-05-27 05:36:08.635973,63.73,63.77
2025-05-27 05:36:09.896814,63.72,63.76
2025-05-27 05:36:12.439369,63.73,63.77
2025-05-27 05:36:26.922948,63.72,63.76
2025-05-27 05:36:48.197072,63.73,63.77
2025-05-27 05:36:50.523051,63.72,63.76
2025-05-27 05:37:10.481611,63.73,63.77
2025-05-27 05:37:15.375112,63.71,63.75
2025-05-27 05:37:26.157184,63.72,63.76
2025-05-27 05:37:30.511923,63.73,63.77
2025-05-27 05:38:00.942117,63.72,63.76
2025-05-27 05:38:19.612057,63.73,63.77
2025-05-27 05:38:34.824975,63.72,63.76
2025-05-27 05:38:45.887898,63.73,63.77
2025-05-27 05:38:55.531003,63.72,63.76
2025-05-27 05:39:06.836299,63.73,63.77
2025-05-27 05:39:21.390758,63.74,63.78
2025-05-27 05:39:32.204942,63.73,63.77
2025-05-27 05:39:41.043128,63.74,63.78
2025-05-27 05:40:04.654520,63.75,63.79
2025-05-27 05:41:22.627606,63.76,63.8
2025-05-27 05:41:23.385733,63.75,63.79
2025-05-27 05:41:39.793004,63.76,63.8
2025-05-27 05:41:41.746569,63.75,63.79
2025-05-27 05:41:45.260550,63.76,63.8
2025-05-27 05:41:48.708920,63.77,63.81
2025-05-27 05:41:49.867989,63.78,63.82
2025-05-27 05:42:21.903347,63.79,63.83
2025-05-27 05:42:31.020471,63.81,63.85
2025-05-27 05:42:32.683692,63.83,63.87
2025-05-27 05:42:33.457273,63.82,63.86
2025-05-27 05:42:40.130833,63.83,63.87
2025-05-27 05:42:41.344130,63.82,63.86
2025-05-27 05:42:42.203079,63.83,63.87
2025-05-27 05:42:42.717643,63.82,63.86
2025-05-27 05:42:44.691975,63.83,63.87
2025-05-27 05:43:01.411925,63.82,63.86
2025-05-27 05:43:07.152640,63.81,63.85
2025-05-27 05:43:13.015465,63.82,63.86
2025-05-27 05:43:13.774784,63.81,63.85
2025-05-27 05:43:21.271515,63.8,63.84
2025-05-27 05:43:36.573511,63.81,63.85
2025-05-27 05:43:48.228709,63.8,63.84
2025-05-27 05:43:49.820594,63.81,63.85
2025-05-27 05:43:52.644791,63.8,63.84
2025-05-27 05:43:53.664797,63.81,63.85
2025-05-27 05:44:01.414775,63.8,63.84
2025-05-27 05:44:02.991595,63.81,63.85
2025-05-27 05:44:13.238728,63.82,63.86
2025-05-27 05:44:15.500710,63.83,63.87
2025-05-27 05:44:16.926541,63.82,63.86
2025-05-27 05:44:17.300764,63.81,63.85
2025-05-27 05:44:19.123226,63.82,63.86
2025-05-27 05:44:22.922255,63.81,63.85
2025-05-27 05:44:39.775201,63.82,63.86
2025-05-27 05:44:40.320644,63.81,63.85
2025-05-27 05:44:47.054288,63.82,63.86
2025-05-27 05:44:47.397044,63.81,63.85
2025-05-27 05:44:58.294906,63.8,63.84
2025-05-27 05:45:00.601813,63.81,63.85
2025-05-27 05:45:01.784254,63.8,63.84
2025-05-27 05:45:04.940681,63.81,63.85
2025-05-27 05:45:15.134738,63.82,63.86
2025-05-27 05:45:19.986909,63.81,63.85
2025-05-27 05:45:25.229876,63.8,63.84
2025-05-27 05:45:53.479127,63.81,63.85
2025-05-27 05:45:56.834565,63.8,63.84
2025-05-27 05:46:08.419330,63.81,63.85
2025-05-27 05:46:14.913694,63.8,63.84
2025-05-27 05:46:23.072139,63.82,63.86
2025-05-27 05:46:27.400541,63.83,63.87
2025-05-27 05:46:28.152080,63.82,63.86
2025-05-27 05:46:28.900617,63.8,63.84
2025-05-27 05:46:34.134469,63.79,63.83
2025-05-27 05:46:40.965553,63.78,63.82
2025-05-27 05:46:47.695230,63.79,63.83
2025-05-27 05:46:48.463766,63.78,63.82
2025-05-27 05:46:59.383078,63.77,63.81
2025-05-27 05:47:02.851607,63.76,63.8
2025-05-27 05:47:04.544434,63.75,63.79
2025-05-27 05:47:06.166633,63.76,63.8
2025-05-27 05:47:09.926345,63.77,63.81
2025-05-27 05:47:10.871343,63.76,63.8
2025-05-27 05:47:20.228768,63.77,63.81
2025-05-27 05:47:48.363813,63.76,63.8
2025-05-27 05:48:03.137620,63.77,63.81
2025-05-27 05:48:23.421687,63.78,63.82
2025-05-27 05:48:24.182515,63.77,63.81
2025-05-27 05:48:28.128757,63.78,63.82
2025-05-27 05:48:34.006637,63.77,63.81
2025-05-27 05:48:34.476341,63.78,63.82
2025-05-27 05:48:39.300401,63.77,63.81
2025-05-27 05:48:55.776292,63.78,63.82
2025-05-27 05:48:56.523331,63.77,63.81
2025-05-27 05:48:57.438822,63.78,63.82
2025-05-27 05:48:58.219109,63.77,63.81
2025-05-27 05:49:01.087627,63.78,63.82
2025-05-27 05:49:01.896317,63.77,63.81
2025-05-27 05:49:27.639403,63.76,63.8
2025-05-27 05:49:34.109128,63.75,63.79
2025-05-27 05:49:51.252345,63.76,63.8
2025-05-27 05:50:01.957743,63.77,63.81
2025-05-27 05:50:03.528692,63.76,63.8
2025-05-27 05:50:13.416884,63.77,63.81
2025-05-27 05:50:36.472909,63.76,63.8
2025-05-27 05:50:43.992073,63.77,63.81
2025-05-27 05:50:46.543384,63.78,63.82
2025-05-27 05:50:51.539043,63.79,63.83
2025-05-27 05:50:51.927584,63.78,63.82
2025-05-27 05:51:13.949580,63.79,63.83
2025-05-27 05:51:24.872106,63.8,63.84
2025-05-27 05:51:28.287569,63.79,63.83
2025-05-27 05:51:37.505232,63.8,63.84
2025-05-27 05:51:38.877574,63.79,63.83
2025-05-27 05:51:39.674462,63.8,63.84
2025-05-27 05:51:46.674839,63.79,63.83
2025-05-27 05:51:56.732446,63.8,63.84
2025-05-27 05:52:15.103983,63.81,63.85
2025-05-27 05:52:18.750502,63.82,63.86
2025-05-27 05:52:32.894670,63.83,63.87
2025-05-27 05:52:56.460494,63.85,63.89
2025-05-27 05:53:01.982474,63.84,63.88
2025-05-27 05:53:04.756864,63.85,63.89
2025-05-27 05:53:11.820708,63.87,63.91
2025-05-27 05:53:12.624320,63.88,63.92
2025-05-27 05:53:12.906787,63.89,63.93
2025-05-27 05:53:13.906434,63.9,63.94
2025-05-27 05:53:14.649700,63.89,63.93
2025-05-27 05:53:16.068645,63.9,63.94
2025-05-27 05:53:17.381037,63.89,63.93
2025-05-27 05:53:17.938028,63.9,63.94
2025-05-27 05:53:19.679790,63.91,63.95
2025-05-27 05:53:21.631473,63.92,63.96
2025-05-27 05:53:22.390799,63.91,63.95
2025-05-27 05:53:23.620593,63.9,63.94
2025-05-27 05:53:24.195423,63.91,63.95
2025-05-27 05:53:27.416305,63.92,63.96
2025-05-27 05:53:29.454291,63.91,63.95
2025-05-27 05:53:31.001324,63.92,63.96
2025-05-27 05:53:32.810941,63.91,63.95
2025-05-27 05:53:51.775973,63.92,63.96
2025-05-27 05:53:54.797369,63.93,63.97
2025-05-27 05:53:57.418063,63.92,63.96
2025-05-27 05:54:01.009585,63.91,63.95
2025-05-27 05:54:08.815208,63.9,63.94
2025-05-27 05:54:11.688882,63.91,63.95
2025-05-27 05:54:18.442027,63.9,63.94
2025-05-27 05:54:21.536683,63.91,63.95
2025-05-27 05:54:23.897687,63.9,63.94
2025-05-27 05:54:38.750681,63.91,63.95
2025-05-27 05:54:39.960628,63.9,63.94
2025-05-27 05:54:42.414208,63.91,63.95
2025-05-27 05:54:45.876497,63.92,63.96
2025-05-27 05:54:49.401450,63.93,63.97
2025-05-27 05:54:50.146914,63.92,63.96
2025-05-27 05:54:54.927271,63.91,63.95
2025-05-27 05:55:01.286293,63.9,63.94
2025-05-27 05:55:07.578926,63.91,63.95
2025-05-27 05:55:13.157083,63.92,63.96
2025-05-27 05:55:13.798541,63.93,63.97
2025-05-27 05:55:17.576451,63.94,63.98
2025-05-27 05:55:23.117352,63.95,63.99
2025-05-27 05:55:25.012227,63.94,63.98
2025-05-27 05:55:33.103153,63.95,63.99
2025-05-27 05:55:37.406858,63.96,64.0
2025-05-27 05:55:41.501471,63.97,64.01
2025-05-27 05:55:44.856535,63.96,64.0
2025-05-27 05:55:59.285666,63.97,64.01
2025-05-27 05:56:00.637157,63.96,64.0
2025-05-27 05:56:02.289309,63.97,64.01
2025-05-27 05:56:03.049587,63.98,64.02
2025-05-27 05:56:04.363526,63.97,64.01
2025-05-27 05:56:07.105188,63.98,64.02
2025-05-27 05:56:07.911080,63.96,64.0
2025-05-27 05:56:10.408928,63.97,64.01
2025-05-27 05:56:29.618136,63.96,64.0
2025-05-27 05:56:31.002543,63.97,64.01
2025-05-27 05:56:33.804310,63.98,64.02
2025-05-27 05:56:36.380245,63.97,64.01
2025-05-27 05:56:37.158860,63.98,64.02
2025-05-27 05:56:38.535061,63.99,64.03
2025-05-27 05:56:40.616229,63.98,64.02
2025-05-27 05:56:41.717929,63.99,64.03
2025-05-27 05:56:42.290797,64.0,64.04
2025-05-27 05:56:43.696094,63.99,64.03
2025-05-27 05:56:53.689243,63.98,64.02
2025-05-27 05:57:01.859260,63.99,64.03
2025-05-27 05:57:06.948943,63.98,64.02
2025-05-27 05:57:10.040249,63.99,64.03
2025-05-27 05:57:24.702238,63.98,64.02
2025-05-27 05:57:42.513188,63.99,64.03
2025-05-27 05:57:45.454135,63.98,64.02
2025-05-27 05:57:50.553456,63.97,64.01
2025-05-27 05:57:53.214812,63.98,64.02
2025-05-27 05:57:54.362878,63.97,64.01
2025-05-27 05:57:55.292283,63.98,64.02
2025-05-27 05:57:56.797903,63.97,64.01
2025-05-27 05:58:10.968994,63.96,64.0
2025-05-27 05:58:16.212621,63.95,63.99
2025-05-27 05:58:21.709024,63.94,63.98
2025-05-27 05:58:22.585879,63.95,63.99
2025-05-27 05:58:24.765592,63.94,63.98
2025-05-27 05:58:25.645359,63.95,63.99
2025-05-27 05:58:27.632405,63.94,63.98
2025-05-27 05:58:28.972557,63.95,63.99
2025-05-27 05:58:34.060672,63.94,63.98
2025-05-27 05:58:38.272760,63.93,63.97
2025-05-27 05:58:40.009111,63.92,63.96
2025-05-27 05:58:41.617841,63.93,63.97
2025-05-27 05:58:44.996482,63.92,63.96
2025-05-27 05:58:46.828666,63.91,63.95
2025-05-27 05:58:59.185322,63.92,63.96
2025-05-27 05:59:03.433406,63.93,63.97
2025-05-27 05:59:04.886914,63.92,63.96
2025-05-27 05:59:06.039250,63.91,63.95
2025-05-27 05:59:11.055363,63.92,63.96
2025-05-27 05:59:12.894986,63.91,63.95
2025-05-27 05:59:16.001378,63.92,63.96
2025-05-27 05:59:37.988479,63.93,63.97
2025-05-27 05:59:39.329333,63.92,63.96
2025-05-27 05:59:42.291179,63.93,63.97
2025-05-27 05:59:43.854553,63.92,63.96
2025-05-27 05:59:53.271511,63.93,63.97
2025-05-27 05:59:54.046975,63.92,63.96
2025-05-27 05:59:54.797105,63.93,63.97
2025-05-27 06:00:00.219575,63.94,63.98
2025-05-27 06:00:00.542112,63.93,63.97
2025-05-27 06:00:08.507857,63.94,63.97
2025-05-27 06:00:09.594923,63.93,63.96
2025-05-27 06:00:10.618245,63.93,63.97
2025-05-27 06:00:11.618470,63.94,63.97
2025-05-27 06:00:19.637462,63.95,63.98
2025-05-27 06:00:27.188462,63.94,63.98
2025-05-27 06:00:28.959750,63.95,63.98
2025-05-27 06:00:31.595337,63.95,63.99
2025-05-27 06:00:32.131584,63.96,64.0
2025-05-27 06:00:33.633509,63.97,64.0
2025-05-27 06:00:35.314507,63.97,64.01
2025-05-27 06:00:38.231215,63.97,64.0
2025-05-27 06:00:39.018812,63.97,64.01
2025-05-27 06:00:39.397793,63.98,64.01
2025-05-27 06:00:41.047422,63.97,64.01
2025-05-27 06:00:41.830428,63.98,64.01
2025-05-27 06:00:41.938839,63.97,64.01
2025-05-27 06:00:46.515664,63.97,64.0
2025-05-27 06:00:47.021575,63.97,64.01
2025-05-27 06:00:50.009606,63.98,64.01
2025-05-27 06:00:55.834535,63.98,64.02
2025-05-27 06:00:56.479016,63.99,64.02
2025-05-27 06:00:58.960602,63.99,64.03
2025-05-27 06:01:01.707949,63.99,64.02
2025-05-27 06:01:02.855990,63.99,64.03
2025-05-27 06:01:03.932763,63.99,64.02
2025-05-27 06:01:06.192649,63.98,64.02
2025-05-27 06:01:06.616604,63.99,64.02
2025-05-27 06:01:08.359293,63.98,64.02
2025-05-27 06:01:11.457911,63.97,64.01
2025-05-27 06:01:12.778558,63.97,64.0
2025-05-27 06:01:13.524789,63.97,64.01
2025-05-27 06:01:13.700711,63.97,64.0
2025-05-27 06:01:15.593382,63.98,64.01
2025-05-27 06:01:16.348490,63.98,64.02
2025-05-27 06:01:17.097016,63.99,64.02
2025-05-27 06:01:24.018786,63.98,64.02
2025-05-27 06:01:25.216523,63.99,64.02
2025-05-27 06:01:29.785211,63.99,64.03
2025-05-27 06:01:37.691113,63.99,64.02
2025-05-27 06:01:39.615106,63.98,64.02
2025-05-27 06:01:43.333037,63.98,64.01
2025-05-27 06:01:45.859100,63.98,64.02
2025-05-27 06:01:47.797112,63.98,64.01
2025-05-27 06:01:48.278768,63.98,64.02
2025-05-27 06:01:51.360570,63.99,64.03
2025-05-27 06:01:57.396454,64.0,64.04
2025-05-27 06:02:00.275416,63.99,64.03
2025-05-27 06:02:01.105677,63.99,64.02
2025-05-27 06:02:04.212482,63.99,64.03
2025-05-27 06:02:05.474992,63.99,64.02
2025-05-27 06:02:06.328895,63.98,64.02
2025-05-27 06:02:08.167868,63.98,64.01
2025-05-27 06:02:13.133549,63.97,64.01
2025-05-27 06:02:14.148968,63.97,64.0
2025-05-27 06:02:18.305077,63.96,64.0
2025-05-27 06:02:22.787361,63.97,64.0
2025-05-27 06:02:23.547611,63.96,64.0
2025-05-27 06:02:24.883098,63.96,63.99
2025-05-27 06:02:26.683087,63.96,64.0
2025-05-27 06:02:40.567156,63.96,63.99
2025-05-27 06:02:42.662349,63.96,64.0
2025-05-27 06:02:43.473681,63.96,63.99
2025-05-27 06:02:45.001360,63.96,64.0
2025-05-27 06:02:51.016744,63.97,64.0
2025-05-27 06:02:56.844799,63.98,64.01
2025-05-27 06:02:57.164274,63.97,64.0
2025-05-27 06:02:57.659026,63.96,64.0
2025-05-27 06:02:58.692140,63.96,63.99
2025-05-27 06:02:59.958445,63.95,63.99
2025-05-27 06:03:00.445060,63.96,63.99
2025-05-27 06:03:02.776766,63.95,63.99
2025-05-27 06:03:05.885662,63.96,63.99
2025-05-27 06:03:11.158173,63.95,63.99
2025-05-27 06:03:13.798991,63.95,63.98
2025-05-27 06:03:14.548648,63.94,63.97
2025-05-27 06:03:17.020375,63.94,63.98
2025-05-27 06:03:20.972162,63.94,63.97
2025-05-27 06:03:23.078319,63.95,63.98
2025-05-27 06:03:44.114938,63.95,63.99
2025-05-27 06:03:46.074975,63.96,63.99
2025-05-27 06:03:53.958761,63.96,64.0
2025-05-27 06:03:55.509176,63.97,64.0
2025-05-27 06:03:56.260486,63.96,64.0
2025-05-27 06:03:57.940301,63.98,64.01
2025-05-27 06:03:58.405726,63.96,64.0
2025-05-27 06:04:03.673372,63.96,63.99
2025-05-27 06:04:04.426811,63.95,63.99
2025-05-27 06:04:05.616502,63.95,63.98
2025-05-27 06:04:06.396374,63.94,63.97
2025-05-27 06:04:25.772490,63.95,63.98
2025-05-27 06:04:26.349412,63.95,63.99
2025-05-27 06:04:49.721864,63.97,64.01
2025-05-27 06:04:52.957844,63.99,64.02
2025-05-27 06:05:08.204611,63.98,64.02
2025-05-27 06:05:11.479473,63.98,64.01
2025-05-27 06:05:12.253705,63.97,64.0
2025-05-27 06:05:14.368906,63.97,64.01
2025-05-27 06:05:17.459131,63.98,64.01
2025-05-27 06:05:18.809637,63.97,64.01
2025-05-27 06:05:20.431504,63.98,64.01
2025-05-27 06:05:27.302326,63.97,64.01
2025-05-27 06:05:28.094362,63.98,64.01
2025-05-27 06:05:40.037036,63.98,64.02
2025-05-27 06:05:53.366259,63.97,64.01
2025-05-27 06:06:03.516587,63.98,64.01
2025-05-27 06:06:08.978471,63.96,64.0
2025-05-27 06:06:13.799028,63.97,64.0
2025-05-27 06:06:19.433347,63.97,64.01
2025-05-27 06:06:23.332665,63.96,64.0
2025-05-27 06:06:27.268564,63.96,63.99
2025-05-27 06:06:30.077257,63.96,64.0
2025-05-27 06:06:44.608285,63.97,64.0
2025-05-27 06:06:47.395107,63.98,64.01
2025-05-27 06:06:54.033236,63.98,64.02
2025-05-27 06:06:56.545006,63.99,64.02
2025-05-27 06:06:58.827876,63.99,64.03
2025-05-27 06:07:01.247989,63.99,64.02
2025-05-27 06:07:02.416644,63.98,64.02
2025-05-27 06:07:17.415370,63.98,64.01
2025-05-27 06:07:18.191661,63.98,64.02
2025-05-27 06:07:21.900362,63.98,64.01
2025-05-27 06:07:26.838065,63.98,64.02
2025-05-27 06:07:28.347462,63.99,64.02
2025-05-27 06:07:29.527034,63.99,64.03
2025-05-27 06:07:42.591758,63.99,64.02
2025-05-27 06:07:43.785802,63.99,64.03
2025-05-27 06:07:46.974937,63.99,64.02
2025-05-27 06:07:47.474516,63.99,64.03
2025-05-27 06:07:54.875544,63.99,64.02
2025-05-27 06:07:55.662914,63.99,64.03
2025-05-27 06:08:00.808132,63.99,64.02
2025-05-27 06:08:01.387916,63.99,64.03
2025-05-27 06:08:05.118882,63.99,64.02
2025-05-27 06:08:07.574540,63.99,64.03
2025-05-27 06:08:19.203900,63.99,64.02
2025-05-27 06:08:37.954867,64.0,64.03
2025-05-27 06:08:39.448698,63.99,64.02
2025-05-27 06:09:00.706457,63.99,64.03
2025-05-27 06:09:03.909669,63.99,64.02
2025-05-27 06:09:27.332409,63.98,64.02
2025-05-27 06:09:29.132105,63.98,64.01
2025-05-27 06:09:36.358483,63.98,64.02
2025-05-27 06:09:38.092789,63.98,64.01
2025-05-27 06:09:42.998173,63.98,64.02
2025-05-27 06:09:43.797998,63.98,64.01
2025-05-27 06:09:45.714137,63.98,64.02
2025-05-27 06:09:46.513746,63.98,64.01
2025-05-27 06:09:51.628599,63.97,64.01
2025-05-27 06:10:00.439487,63.96,64.0
2025-05-27 06:10:03.235929,63.97,64.0
2025-05-27 06:10:03.689556,63.98,64.02
2025-05-27 06:10:04.977241,63.99,64.02
2025-05-27 06:10:17.418762,63.99,64.03
2025-05-27 06:10:18.922665,64.0,64.03
2025-05-27 06:10:28.672302,64.0,64.04
2025-05-27 06:10:31.269239,64.01,64.04
2025-05-27 06:10:32.518303,64.0,64.04
2025-05-27 06:10:33.033198,64.01,64.04
2025-05-27 06:10:33.424378,64.0,64.04
2025-05-27 06:10:33.832484,64.0,64.03
2025-05-27 06:10:34.523958,64.0,64.04
2025-05-27 06:10:35.289452,64.01,64.04
2025-05-27 06:10:36.042526,64.0,64.04
2025-05-27 06:10:40.151659,64.01,64.04
2025-05-27 06:10:42.817707,64.0,64.04
2025-05-27 06:10:52.620747,64.02,64.05
2025-05-27 06:11:00.194714,64.01,64.05
2025-05-27 06:11:09.757372,64.01,64.04
2025-05-27 06:11:14.899477,64.01,64.05
2025-05-27 06:11:16.061201,64.03,64.06
2025-05-27 06:11:22.932492,64.02,64.06
2025-05-27 06:11:28.504280,64.02,64.05
2025-05-27 06:11:29.354016,64.02,64.06
2025-05-27 06:11:33.371615,64.03,64.06
2025-05-27 06:11:38.222654,64.02,64.06
2025-05-27 06:11:38.831424,64.03,64.06
2025-05-27 06:11:44.855473,64.03,64.07
2025-05-27 06:11:45.578908,64.04,64.07
2025-05-27 06:11:46.355471,64.03,64.07
2025-05-27 06:11:50.631985,64.04,64.07
2025-05-27 06:11:51.396363,64.03,64.07
2025-05-27 06:11:53.513948,64.04,64.07
2025-05-27 06:11:56.007393,64.03,64.07
2025-05-27 06:11:57.448544,64.03,64.06
2025-05-27 06:12:01.229029,64.03,64.07
2025-05-27 06:12:07.613542,64.04,64.07
2025-05-27 06:12:08.402765,64.05,64.08
2025-05-27 06:12:10.130443,64.05,64.09
2025-05-27 06:12:11.413631,64.06,64.1
2025-05-27 06:12:14.613612,64.06,64.09
2025-05-27 06:12:16.171822,64.06,64.1
2025-05-27 06:12:17.669309,64.06,64.09
2025-05-27 06:12:19.476738,64.06,64.1
2025-05-27 06:12:19.768676,64.07,64.1
2025-05-27 06:12:21.021593,64.06,64.1
2025-05-27 06:12:22.364320,64.07,64.1
2025-05-27 06:12:29.246536,64.06,64.1
2025-05-27 06:12:29.993784,64.07,64.1
2025-05-27 06:12:31.382290,64.06,64.1
2025-05-27 06:12:32.189526,64.06,64.09
2025-05-27 06:12:33.769300,64.06,64.1
2025-05-27 06:12:40.979453,64.07,64.1
2025-05-27 06:12:42.950497,64.07,64.11
2025-05-27 06:12:43.825063,64.08,64.12
2025-05-27 06:12:45.323684,64.08,64.11
2025-05-27 06:12:48.543868,64.07,64.11
2025-05-27 06:12:50.086697,64.08,64.11
2025-05-27 06:12:53.158339,64.07,64.11
2025-05-27 06:12:54.812691,64.08,64.11
2025-05-27 06:13:00.961946,64.07,64.1
2025-05-27 06:13:01.734164,64.07,64.11
2025-05-27 06:13:03.179195,64.07,64.1
2025-05-27 06:13:05.773685,64.07,64.11
2025-05-27 06:13:17.410376,64.06,64.1
2025-05-27 06:13:19.984668,64.06,64.09
2025-05-27 06:13:20.736254,64.06,64.1
2025-05-27 06:13:22.167671,64.06,64.09
2025-05-27 06:13:23.482755,64.06,64.1
2025-05-27 06:13:23.894220,64.06,64.09
2025-05-27 06:13:24.921276,64.06,64.1
2025-05-27 06:13:32.139277,64.06,64.09
2025-05-27 06:13:33.511280,64.06,64.1
2025-05-27 06:13:34.250352,64.06,64.09
2025-05-27 06:13:35.819716,64.06,64.1
2025-05-27 06:13:38.263462,64.07,64.1
2025-05-27 06:13:43.914603,64.08,64.11
2025-05-27 06:13:52.505593,64.07,64.11
2025-05-27 06:13:53.264677,64.08,64.11
2025-05-27 06:13:53.366664,64.08,64.12
2025-05-27 06:14:02.071652,64.09,64.12
2025-05-27 06:14:05.404724,64.08,64.12
2025-05-27 06:14:07.835056,64.08,64.11
2025-05-27 06:14:09.175882,64.08,64.12
2025-05-27 06:14:12.313506,64.08,64.11
2025-05-27 06:14:13.125126,64.08,64.12
2025-05-27 06:14:16.750284,64.07,64.1
2025-05-27 06:14:24.823622,64.07,64.11
2025-05-27 06:14:25.574290,64.08,64.11
2025-05-27 06:14:27.154915,64.07,64.11
2025-05-27 06:14:31.077471,64.07,64.1
2025-05-27 06:14:31.827112,64.08,64.11
2025-05-27 06:14:32.762209,64.08,64.12
2025-05-27 06:14:48.311725,64.09,64.12
2025-05-27 06:14:49.059167,64.08,64.12
2025-05-27 06:14:54.126369,64.08,64.11
2025-05-27 06:14:55.620651,64.08,64.12
2025-05-27 06:15:10.513658,64.09,64.13
2025-05-27 06:15:10.838917,64.09,64.12
2025-05-27 06:15:13.910340,64.09,64.13
2025-05-27 06:15:15.837446,64.1,64.14
2025-05-27 06:15:16.710762,64.11,64.14
2025-05-27 06:15:17.955292,64.1,64.14
2025-05-27 06:15:21.746420,64.11,64.14
2025-05-27 06:15:23.055758,64.1,64.14
2025-05-27 06:15:29.354310,64.11,64.14
2025-05-27 06:15:30.102203,64.1,64.14
2025-05-27 06:15:31.053150,64.1,64.13
2025-05-27 06:15:36.632432,64.11,64.14
2025-05-27 06:15:39.104186,64.11,64.15
2025-05-27 06:15:41.138639,64.12,64.15
2025-05-27 06:15:47.640209,64.11,64.15
2025-05-27 06:15:52.318551,64.12,64.15
2025-05-27 06:15:54.256009,64.12,64.16
2025-05-27 06:15:55.033754,64.12,64.15
2025-05-27 06:15:57.695652,64.11,64.15
2025-05-27 06:16:03.096659,64.12,64.15
2025-05-27 06:16:03.795362,64.13,64.16
2025-05-27 06:16:10.010114,64.12,64.15
2025-05-27 06:16:13.007634,64.13,64.16
2025-05-27 06:16:13.764720,64.14,64.17
2025-05-27 06:16:14.516778,64.14,64.18
2025-05-27 06:16:16.853437,64.15,64.18
2025-05-27 06:16:18.068687,64.15,64.19
2025-05-27 06:16:21.775072,64.14,64.18
2025-05-27 06:16:23.780210,64.14,64.17
2025-05-27 06:16:24.847453,64.14,64.18
2025-05-27 06:16:26.315928,64.14,64.17
2025-05-27 06:16:27.470715,64.14,64.18
2025-05-27 06:16:28.524543,64.15,64.18
2025-05-27 06:16:29.843062,64.14,64.18
2025-05-27 06:16:35.654666,64.15,64.19
2025-05-27 06:16:38.047478,64.15,64.18
2025-05-27 06:16:38.848393,64.15,64.19
2025-05-27 06:16:39.614158,64.16,64.19
2025-05-27 06:16:42.354190,64.15,64.18
2025-05-27 06:16:43.777731,64.14,64.18
2025-05-27 06:16:45.886185,64.13,64.17
2025-05-27 06:16:47.075541,64.13,64.16
2025-05-27 06:16:48.554459,64.13,64.17
2025-05-27 06:16:52.216057,64.12,64.16
2025-05-27 06:16:55.662725,64.13,64.16
2025-05-27 06:16:59.718378,64.12,64.16
2025-05-27 06:17:02.765394,64.12,64.15
2025-05-27 06:17:04.305312,64.12,64.16
2025-05-27 06:17:17.275513,64.13,64.16
2025-05-27 06:17:19.582807,64.12,64.16
2025-05-27 06:17:21.186117,64.13,64.16
2025-05-27 06:17:35.146658,64.14,64.17
2025-05-27 06:17:37.487661,64.14,64.18
2025-05-27 06:17:38.226603,64.15,64.19
2025-05-27 06:17:39.011486,64.15,64.18
2025-05-27 06:17:40.508588,64.15,64.19
2025-05-27 06:17:43.339670,64.17,64.2
2025-05-27 06:17:44.736774,64.17,64.21
2025-05-27 06:17:54.733959,64.16,64.2
2025-05-27 06:17:55.793642,64.15,64.19
2025-05-27 06:17:57.977473,64.15,64.18
2025-05-27 06:17:58.212115,64.15,64.19
2025-05-27 06:18:01.145649,64.14,64.18
2025-05-27 06:18:02.275643,64.15,64.18
2025-05-27 06:18:11.523826,64.13,64.17
2025-05-27 06:18:11.908758,64.14,64.17
2025-05-27 06:18:12.649959,64.13,64.17
2025-05-27 06:18:14.381854,64.14,64.17
2025-05-27 06:18:19.407036,64.13,64.17
2025-05-27 06:18:21.367239,64.15,64.18
2025-05-27 06:18:22.981126,64.14,64.18
2025-05-27 06:18:23.665181,64.15,64.18
2025-05-27 06:18:25.668219,64.14,64.18
2025-05-27 06:18:26.396911,64.15,64.18
2025-05-27 06:18:26.987132,64.14,64.18
2025-05-27 06:18:27.310392,64.14,64.17
2025-05-27 06:18:45.202535,64.15,64.18
2025-05-27 06:18:53.691526,64.14,64.18
2025-05-27 06:18:54.449712,64.14,64.19
2025-05-27 06:18:58.821029,64.15,64.19
2025-05-27 06:19:00.321913,64.16,64.19
2025-05-27 06:19:08.245549,64.16,64.2
2025-05-27 06:19:09.335323,64.17,64.2
2025-05-27 06:19:10.840326,64.17,64.21
2025-05-27 06:19:20.932910,64.18,64.21
2025-05-27 06:19:24.546163,64.17,64.2
2025-05-27 06:19:25.801322,64.17,64.21
2025-05-27 06:19:31.038562,64.18,64.21
2025-05-27 06:19:39.125203,64.17,64.21
2025-05-27 06:19:43.692240,64.16,64.2
2025-05-27 06:19:45.453105,64.16,64.19
2025-05-27 06:19:46.233804,64.16,64.2
2025-05-27 06:19:47.109731,64.16,64.19
2025-05-27 06:19:47.740547,64.17,64.2
2025-05-27 06:19:48.181031,64.16,64.2
2025-05-27 06:19:49.744136,64.17,64.2
2025-05-27 06:19:50.319725,64.16,64.2
2025-05-27 06:19:51.106730,64.16,64.19
2025-05-27 06:19:52.232429,64.16,64.2
2025-05-27 06:19:53.825042,64.17,64.2
2025-05-27 06:19:55.575283,64.16,64.2
2025-05-27 06:19:59.383886,64.16,64.19
2025-05-27 06:20:00.246613,64.15,64.19
2025-05-27 06:20:00.731773,64.15,64.18
2025-05-27 06:20:01.721497,64.15,64.19
2025-05-27 06:20:03.967464,64.15,64.18
2025-05-27 06:20:04.729360,64.15,64.19
2025-05-27 06:20:12.457380,64.16,64.19
2025-05-27 06:20:13.198657,64.15,64.19
2025-05-27 06:20:15.027367,64.16,64.19
2025-05-27 06:20:16.037748,64.15,64.19
2025-05-27 06:20:17.302859,64.15,64.18
2025-05-27 06:20:41.658765,64.16,64.19
2025-05-27 06:20:43.298498,64.15,64.19
2025-05-27 06:20:48.108958,64.15,64.18
2025-05-27 06:20:55.925391,64.15,64.19
2025-05-27 06:21:01.934214,64.15,64.18
2025-05-27 06:21:03.214895,64.15,64.19
2025-05-27 06:21:20.791690,64.15,64.18
2025-05-27 06:21:21.697882,64.15,64.19
2025-05-27 06:21:33.867265,64.16,64.19
2025-05-27 06:21:45.841004,64.17,64.2
2025-05-27 06:21:55.389911,64.16,64.19
2025-05-27 06:21:58.305281,64.16,64.2
2025-05-27 06:22:00.880442,64.16,64.19
2025-05-27 06:22:07.483214,64.17,64.2
2025-05-27 06:22:13.299269,64.18,64.21
2025-05-27 06:22:16.254989,64.16,64.2
2025-05-27 06:22:17.091680,64.18,64.21
2025-05-27 06:22:30.751506,64.19,64.22
2025-05-27 06:22:31.301307,64.2,64.23
2025-05-27 06:22:40.230804,64.2,64.24
2025-05-27 06:22:40.385927,64.21,64.24
2025-05-27 06:22:48.053308,64.2,64.24
2025-05-27 06:22:49.814766,64.2,64.23
2025-05-27 06:22:56.759246,64.19,64.23
2025-05-27 06:22:57.571377,64.21,64.24
2025-05-27 06:23:07.847674,64.2,64.24
2025-05-27 06:23:10.537833,64.2,64.23
2025-05-27 06:23:11.730057,64.19,64.22
2025-05-27 06:23:15.903364,64.18,64.22
2025-05-27 06:23:16.693655,64.18,64.21
2025-05-27 06:23:46.045424,64.18,64.22
2025-05-27 06:23:47.203782,64.19,64.23
2025-05-27 06:23:51.754129,64.19,64.22
2025-05-27 06:23:53.593506,64.19,64.23
2025-05-27 06:23:56.674766,64.19,64.22
2025-05-27 06:23:58.252935,64.19,64.23
2025-05-27 06:23:59.794855,64.2,64.23
2025-05-27 06:24:00.735177,64.19,64.22
2025-05-27 06:24:03.797008,64.18,64.22
2025-05-27 06:24:06.360215,64.18,64.21
2025-05-27 06:24:09.927314,64.18,64.22
2025-05-27 06:24:11.100925,64.19,64.22
2025-05-27 06:24:12.292809,64.19,64.23
2025-05-27 06:24:13.499867,64.2,64.23
2025-05-27 06:24:15.095669,64.19,64.23
2025-05-27 06:24:16.682049,64.2,64.23
2025-05-27 06:24:19.741776,64.2,64.24
2025-05-27 06:24:20.414586,64.21,64.24
2025-05-27 06:24:25.185669,64.2,64.23
2025-05-27 06:24:38.294813,64.2,64.24
2025-05-27 06:24:39.055357,64.2,64.23
2025-05-27 06:24:40.670533,64.19,64.23
2025-05-27 06:24:41.837179,64.2,64.23
2025-05-27 06:24:51.850570,64.2,64.24
2025-05-27 06:24:52.726154,64.2,64.23
2025-05-27 06:24:54.290908,64.2,64.24
2025-05-27 06:24:55.046896,64.21,64.24
2025-05-27 06:24:59.497902,64.2,64.24
2025-05-27 06:25:02.445220,64.21,64.24
2025-05-27 06:25:07.901674,64.21,64.25
2025-05-27 06:25:08.958070,64.21,64.24
2025-05-27 06:25:10.098765,64.21,64.25
2025-05-27 06:25:13.311934,64.21,64.24
2025-05-27 06:25:23.689000,64.2,64.24
2025-05-27 06:25:25.445504,64.21,64.24
2025-05-27 06:25:27.918254,64.2,64.24
2025-05-27 06:25:39.814046,64.21,64.24
2025-05-27 06:25:40.874447,64.21,64.25
2025-05-27 06:25:47.930120,64.21,64.24
2025-05-27 06:25:48.931456,64.21,64.25
2025-05-27 06:25:52.022757,64.22,64.25
2025-05-27 06:25:57.514985,64.22,64.26
2025-05-27 06:26:00.293899,64.22,64.25
2025-05-27 06:26:06.802087,64.23,64.26
2025-05-27 06:26:12.386063,64.23,64.27
2025-05-27 06:26:17.738746,64.23,64.26
2025-05-27 06:26:18.087182,64.23,64.27
2025-05-27 06:26:20.054649,64.24,64.27
2025-05-27 06:26:21.880343,64.24,64.28
2025-05-27 06:26:22.633566,64.25,64.28
2025-05-27 06:26:23.828602,64.25,64.29
2025-05-27 06:26:24.157575,64.25,64.28
2025-05-27 06:26:24.773376,64.24,64.28
2025-05-27 06:26:25.269678,64.24,64.27
2025-05-27 06:26:25.774286,64.23,64.27
2025-05-27 06:26:27.148943,64.24,64.27
2025-05-27 06:26:30.505214,64.24,64.28
2025-05-27 06:26:31.904637,64.25,64.28
2025-05-27 06:26:32.656227,64.24,64.28
2025-05-27 06:26:33.266355,64.25,64.28
2025-05-27 06:26:35.687835,64.24,64.28
2025-05-27 06:26:38.175171,64.24,64.27
2025-05-27 06:26:45.670240,64.25,64.28
2025-05-27 06:26:47.106424,64.24,64.28
2025-05-27 06:26:49.486420,64.25,64.28
2025-05-27 06:26:50.508710,64.24,64.28
2025-05-27 06:26:54.354069,64.25,64.28
2025-05-27 06:26:55.108031,64.24,64.28
2025-05-27 06:26:55.852543,64.25,64.28
2025-05-27 06:26:59.979986,64.24,64.28
2025-05-27 06:27:00.460969,64.23,64.26
2025-05-27 06:27:01.162828,64.2,64.24
2025-05-27 06:27:02.734863,64.2,64.23
2025-05-27 06:27:04.295093,64.21,64.25
2025-05-27 06:27:09.479386,64.21,64.24
2025-05-27 06:27:15.162215,64.21,64.25
2025-05-27 06:27:16.454128,64.22,64.25
2025-05-27 06:27:16.974896,64.22,64.26
2025-05-27 06:27:18.886386,64.22,64.25
2025-05-27 06:27:26.420437,64.21,64.25
2025-05-27 06:27:27.896571,64.21,64.24
2025-05-27 06:27:28.191271,64.2,64.24
2025-05-27 06:27:36.421785,64.21,64.24
2025-05-27 06:27:49.860156,64.21,64.25
2025-05-27 06:27:56.419185,64.21,64.24
2025-05-27 06:27:57.208471,64.21,64.25
2025-05-27 06:27:58.718081,64.21,64.24
2025-05-27 06:27:59.467270,64.24,64.27
2025-05-27 06:28:01.527731,64.23,64.26
2025-05-27 06:28:05.566157,64.24,64.27
2025-05-27 06:28:08.425261,64.23,64.27
2025-05-27 06:28:15.276514,64.23,64.26
2025-05-27 06:28:16.588444,64.23,64.27
2025-05-27 06:28:18.046379,64.24,64.27
2025-05-27 06:28:20.301859,64.24,64.28
2025-05-27 06:28:21.342045,64.24,64.27
2025-05-27 06:28:22.082827,64.24,64.28
2025-05-27 06:28:22.837422,64.24,64.27
2025-05-27 06:28:33.462861,64.23,64.27
2025-05-27 06:28:50.309332,64.24,64.27
2025-05-27 06:28:59.080939,64.23,64.27
2025-05-27 06:29:03.058129,64.24,64.27
2025-05-27 06:29:04.493757,64.23,64.27
2025-05-27 06:29:06.017875,64.24,64.27
2025-05-27 06:29:06.628381,64.24,64.28
2025-05-27 06:29:08.579576,64.24,64.27
2025-05-27 06:29:11.395352,64.23,64.27
2025-05-27 06:29:13.636252,64.23,64.26
2025-05-27 06:29:14.881473,64.23,64.27
2025-05-27 06:29:15.842864,64.23,64.26
2025-05-27 06:29:17.203558,64.23,64.27
2025-05-27 06:29:18.413800,64.25,64.28
2025-05-27 06:29:19.367700,64.25,64.29
2025-05-27 06:29:21.043184,64.26,64.29
2025-05-27 06:29:25.782322,64.25,64.29
2025-05-27 06:29:28.218345,64.25,64.28
2025-05-27 06:29:28.968208,64.25,64.29
2025-05-27 06:29:35.294916,64.25,64.28
2025-05-27 06:29:35.923288,64.25,64.29
2025-05-27 06:29:37.417681,64.26,64.29
2025-05-27 06:29:39.666440,64.25,64.29
2025-05-27 06:29:45.383605,64.26,64.29
2025-05-27 06:29:50.218679,64.25,64.29
2025-05-27 06:29:55.264816,64.25,64.28
2025-05-27 06:29:56.425720,64.25,64.29
2025-05-27 06:30:00.124899,64.24,64.28
2025-05-27 06:30:02.276423,64.25,64.28
2025-05-27 06:30:02.574549,64.25,64.29
2025-05-27 06:30:02.836822,64.26,64.29
2025-05-27 06:30:03.825287,64.26,64.3
2025-05-27 06:30:04.955511,64.26,64.29
2025-05-27 06:30:09.266964,64.25,64.29
2025-05-27 06:30:10.555318,64.25,64.28
2025-05-27 06:30:10.673233,64.25,64.29
2025-05-27 06:30:14.589744,64.26,64.29
2025-05-27 06:30:15.622207,64.25,64.29
2025-05-27 06:30:17.507231,64.25,64.28
2025-05-27 06:30:21.419627,64.25,64.29
2025-05-27 06:30:21.874542,64.26,64.29
2025-05-27 06:30:22.722704,64.25,64.29
2025-05-27 06:30:25.715534,64.26,64.29
2025-05-27 06:30:26.778655,64.25,64.29
2025-05-27 06:30:30.735255,64.27,64.3
2025-05-27 06:30:31.057975,64.26,64.3
2025-05-27 06:30:33.671763,64.27,64.3
2025-05-27 06:30:34.423100,64.26,64.3
2025-05-27 06:30:34.650190,64.27,64.3
2025-05-27 06:30:36.008180,64.26,64.3
2025-05-27 06:30:37.424668,64.26,64.29
2025-05-27 06:30:38.171281,64.26,64.3
2025-05-27 06:30:41.876852,64.26,64.29
2025-05-27 06:30:44.127802,64.26,64.3
2025-05-27 06:30:47.007541,64.27,64.3
2025-05-27 06:30:48.034686,64.26,64.3
2025-05-27 06:30:49.640248,64.26,64.29
2025-05-27 06:30:57.180105,64.25,64.29
2025-05-27 06:31:01.925341,64.26,64.29
2025-05-27 06:31:02.920692,64.27,64.31
2025-05-27 06:31:05.299822,64.28,64.31
2025-05-27 06:31:07.171881,64.27,64.31
2025-05-27 06:31:07.918234,64.28,64.31
2025-05-27 06:31:13.827212,64.26,64.3
2025-05-27 06:31:33.618998,64.27,64.31
2025-05-27 06:31:33.945648,64.27,64.3
2025-05-27 06:31:36.663274,64.28,64.31
2025-05-27 06:31:46.309988,64.27,64.31
2025-05-27 06:31:47.811824,64.28,64.31
2025-05-27 06:31:51.591374,64.27,64.3
2025-05-27 06:31:53.898002,64.27,64.31
2025-05-27 06:31:54.656980,64.27,64.3
2025-05-27 06:31:54.740981,64.27,64.31
2025-05-27 06:31:55.275335,64.27,64.3
2025-05-27 06:31:56.022716,64.27,64.31
2025-05-27 06:31:56.233828,64.27,64.3
2025-05-27 06:32:01.009454,64.26,64.29
2025-05-27 06:32:04.492869,64.26,64.3
2025-05-27 06:32:05.586841,64.27,64.31
2025-05-27 06:32:05.805852,64.27,64.3
