timestamp,bid,ask
2025-12-12 18:07:15.367041,61.3,61.33
2025-12-12 18:07:26.094305,61.29,61.34
2025-12-12 18:07:28.935327,61.3,61.34
2025-12-12 18:08:00.159830,61.31,61.35
2025-12-12 18:08:00.706000,61.32,61.36
2025-12-12 18:08:08.113452,61.33,61.37
2025-12-12 18:08:08.718337,61.32,61.35
2025-12-12 18:08:10.151624,61.32,61.36
2025-12-12 18:08:11.277739,61.32,61.35
2025-12-12 18:08:12.328945,61.31,61.35
2025-12-12 18:08:14.706595,61.3,61.34
2025-12-12 18:08:21.675895,61.29,61.33
2025-12-12 18:08:23.300367,61.29,61.32
2025-12-12 18:08:23.962221,61.29,61.33
2025-12-12 18:08:35.015228,61.3,61.34
2025-12-12 18:08:44.797333,61.31,61.34
2025-12-12 18:08:50.890638,61.31,61.36
2025-12-12 18:08:54.646341,61.3,61.34
2025-12-12 18:08:56.272611,61.31,61.35
2025-12-12 18:08:59.657878,61.3,61.35
2025-12-12 18:09:02.059881,61.3,61.33
2025-12-12 18:09:06.177828,61.31,61.35
2025-12-12 18:09:06.878183,61.3,61.35
2025-12-12 18:09:13.371863,61.3,61.33
2025-12-12 18:09:17.206231,61.29,61.33
2025-12-12 18:09:22.782993,61.3,61.33
2025-12-12 18:09:23.191005,61.29,61.33
2025-12-12 18:09:29.285481,61.3,61.35
2025-12-12 18:09:32.156501,61.29,61.34
2025-12-12 18:09:33.345454,61.3,61.34
2025-12-12 18:09:48.911679,61.28,61.33
2025-12-12 18:09:58.359818,61.28,61.31
2025-12-12 18:09:58.481580,61.28,61.32
2025-12-12 18:10:05.793744,61.27,61.32
2025-12-12 18:10:07.252946,61.27,61.3
2025-12-12 18:10:07.469084,61.27,61.31
2025-12-12 18:10:24.487155,61.28,61.31
2025-12-12 18:10:26.328987,61.27,61.31
2025-12-12 18:10:29.319715,61.28,61.32
2025-12-12 18:10:30.620557,61.27,61.31
2025-12-12 18:10:33.826392,61.28,61.32
2025-12-12 18:10:53.519113,61.27,61.32
2025-12-12 18:10:56.942585,61.27,61.3
2025-12-12 18:11:03.377461,61.26,61.31
2025-12-12 18:11:03.992405,61.26,61.3
2025-12-12 18:11:04.987300,61.26,61.29
2025-12-12 18:11:05.558852,61.25,61.3
2025-12-12 18:11:10.350244,61.26,61.3
2025-12-12 18:11:15.410417,61.27,61.31
2025-12-12 18:11:30.319087,61.26,61.31
2025-12-12 18:12:00.067218,61.27,61.31
2025-12-12 18:12:00.668289,61.27,61.32
2025-12-12 18:12:01.471178,61.28,61.32
2025-12-12 18:12:01.921920,61.28,61.31
2025-12-12 18:12:02.349818,61.27,61.31
2025-12-12 18:12:03.979624,61.27,61.32
2025-12-12 18:12:06.159427,61.26,61.29
2025-12-12 18:12:06.907650,61.26,61.31
2025-12-12 18:12:08.275769,61.27,61.3
2025-12-12 18:12:11.460561,61.27,61.31
2025-12-12 18:12:12.538316,61.28,61.32
2025-12-12 18:12:13.669359,61.27,61.32
2025-12-12 18:12:14.551628,61.28,61.32
2025-12-12 18:12:16.079219,61.27,61.32
2025-12-12 18:12:16.564747,61.28,61.31
2025-12-12 18:12:18.237113,61.28,61.32
2025-12-12 18:12:18.632489,61.29,61.33
2025-12-12 18:12:21.460123,61.28,61.32
2025-12-12 18:12:22.144507,61.28,61.33
2025-12-12 18:12:26.906203,61.27,61.31
2025-12-12 18:12:33.568770,61.28,61.32
2025-12-12 18:12:34.619562,61.27,61.31
2025-12-12 18:12:56.260505,61.26,61.31
2025-12-12 18:12:59.745966,61.26,61.3
2025-12-12 18:13:14.255214,61.26,61.31
2025-12-12 18:13:39.149859,61.27,61.3
2025-12-12 18:13:41.166060,61.26,61.3
2025-12-12 18:13:42.639596,61.27,61.31
2025-12-12 18:13:49.147322,61.26,61.31
2025-12-12 18:13:50.682430,61.27,61.31
2025-12-12 18:14:00.059792,61.27,61.32
2025-12-12 18:14:04.984240,61.28,61.32
2025-12-12 18:14:10.221861,61.27,61.32
2025-12-12 18:14:38.988793,61.26,61.31
2025-12-12 18:14:43.711981,61.26,61.29
2025-12-12 18:14:44.079274,61.26,61.3
2025-12-12 18:14:47.849232,61.26,61.31
2025-12-12 18:14:59.386171,61.27,61.31
2025-12-12 18:15:02.217091,61.27,61.32
2025-12-12 18:15:05.001904,61.27,61.3
2025-12-12 18:15:05.632661,61.28,61.31
2025-12-12 18:15:22.011822,61.27,61.31
2025-12-12 18:15:22.772023,61.28,61.31
2025-12-12 18:15:24.876644,61.29,61.33
2025-12-12 18:15:34.091686,61.28,61.32
2025-12-12 18:15:38.953995,61.27,61.32
2025-12-12 18:15:39.186048,61.26,61.31
2025-12-12 18:15:43.951367,61.27,61.32
2025-12-12 18:15:55.822112,61.27,61.31
2025-12-12 18:16:04.132777,61.27,61.32
2025-12-12 18:16:09.018559,61.28,61.31
2025-12-12 18:16:11.991022,61.27,61.31
2025-12-12 18:16:21.141355,61.28,61.32
2025-12-12 18:16:28.813135,61.29,61.33
2025-12-12 18:16:29.599150,61.28,61.31
2025-12-12 18:16:41.164363,61.28,61.32
2025-12-12 18:16:43.034821,61.28,61.33
2025-12-12 18:16:49.384556,61.27,61.31
2025-12-12 18:16:58.665755,61.28,61.32
2025-12-12 18:16:59.950830,61.27,61.31
2025-12-12 18:17:00.631520,61.28,61.31
2025-12-12 18:17:08.532578,61.28,61.33
2025-12-12 18:17:09.834268,61.28,61.32
2025-12-12 18:17:11.100865,61.28,61.33
2025-12-12 18:17:21.910136,61.29,61.33
2025-12-12 18:17:23.744736,61.28,61.32
2025-12-12 18:17:33.428787,61.29,61.33
2025-12-12 18:17:38.285788,61.28,61.33
2025-12-12 18:17:46.459442,61.28,61.32
2025-12-12 18:17:51.202941,61.28,61.31
2025-12-12 18:17:52.505802,61.29,61.32
2025-12-12 18:17:55.171611,61.28,61.33
2025-12-12 18:18:00.035234,61.28,61.32
2025-12-12 18:18:01.626638,61.29,61.33
2025-12-12 18:18:11.455123,61.27,61.32
2025-12-12 18:18:13.160181,61.27,61.31
2025-12-12 18:18:16.734822,61.28,61.31
2025-12-12 18:18:18.467004,61.27,61.32
2025-12-12 18:18:19.267128,61.28,61.31
2025-12-12 18:18:20.042913,61.27,61.31
2025-12-12 18:18:25.644345,61.28,61.33
2025-12-12 18:18:25.958104,61.29,61.32
2025-12-12 18:18:52.960004,61.28,61.32
2025-12-12 18:18:53.824660,61.27,61.32
2025-12-12 18:19:13.061111,61.28,61.32
2025-12-12 18:19:13.728816,61.29,61.33
2025-12-12 18:19:34.003688,61.28,61.32
2025-12-12 18:19:45.036914,61.27,61.32
2025-12-12 18:19:51.360377,61.28,61.31
2025-12-12 18:19:52.989575,61.27,61.31
2025-12-12 18:19:58.497870,61.28,61.32
2025-12-12 18:19:59.733852,61.27,61.31
2025-12-12 18:20:02.843128,61.27,61.3
2025-12-12 18:20:06.396923,61.27,61.32
2025-12-12 18:20:17.752388,61.26,61.29
2025-12-12 18:20:21.659031,61.25,61.29
2025-12-12 18:20:28.963656,61.26,61.3
2025-12-12 18:20:33.946707,61.27,61.31
2025-12-12 18:20:36.719666,61.27,61.3
2025-12-12 18:20:42.570695,61.27,61.31
2025-12-12 18:20:43.294351,61.28,61.32
2025-12-12 18:20:44.249094,61.27,61.31
2025-12-12 18:20:44.853724,61.28,61.32
2025-12-12 18:20:47.952648,61.27,61.31
2025-12-12 18:20:53.441259,61.27,61.3
2025-12-12 18:21:15.149004,61.27,61.31
2025-12-12 18:21:52.512574,61.26,61.3
2025-12-12 18:21:57.692620,61.25,61.3
2025-12-12 18:22:03.402425,61.26,61.3
2025-12-12 18:22:04.827149,61.27,61.3
2025-12-12 18:22:07.380638,61.26,61.3
2025-12-12 18:22:11.261145,61.26,61.29
2025-12-12 18:22:12.302896,61.26,61.31
2025-12-12 18:22:14.157718,61.26,61.3
2025-12-12 18:22:19.877277,61.25,61.3
2025-12-12 18:22:20.372522,61.26,61.3
2025-12-12 18:22:51.559135,61.25,61.3
2025-12-12 18:22:55.803506,61.25,61.29
2025-12-12 18:23:06.559404,61.24,61.27
2025-12-12 18:23:17.653067,61.25,61.29
2025-12-12 18:23:19.054725,61.25,61.28
2025-12-12 18:23:57.419526,61.24,61.28
2025-12-12 18:23:59.995924,61.25,61.29
2025-12-12 18:24:02.063221,61.24,61.28
2025-12-12 18:24:15.142731,61.23,61.28
2025-12-12 18:24:17.521887,61.21,61.25
2025-12-12 18:24:17.753971,61.21,61.24
2025-12-12 18:24:18.684705,61.21,61.26
2025-12-12 18:24:18.936070,61.21,61.24
2025-12-12 18:24:19.482131,61.21,61.26
2025-12-12 18:24:19.746569,61.21,61.25
2025-12-12 18:24:19.975700,61.21,61.24
2025-12-12 18:24:22.697561,61.21,61.26
2025-12-12 18:24:25.559185,61.21,61.25
2025-12-12 18:24:35.524451,61.22,61.25
2025-12-12 18:24:36.200384,61.21,61.25
2025-12-12 18:24:37.723294,61.22,61.25
2025-12-12 18:24:47.618446,61.21,61.26
2025-12-12 18:24:59.165121,61.22,61.25
2025-12-12 18:25:04.360141,61.23,61.27
2025-12-12 18:25:13.334144,61.23,61.28
2025-12-12 18:25:14.268956,61.23,61.27
2025-12-12 18:25:20.458820,61.24,61.27
2025-12-12 18:25:33.981397,61.23,61.28
2025-12-12 18:25:37.611525,61.23,61.26
2025-12-12 18:25:38.676821,61.23,61.28
2025-12-12 18:25:40.395167,61.23,61.27
2025-12-12 18:25:41.137039,61.22,61.25
2025-12-12 18:25:43.194037,61.22,61.27
2025-12-12 18:25:45.289878,61.23,61.27
2025-12-12 18:25:50.954660,61.22,61.27
2025-12-12 18:25:52.251168,61.23,61.27
2025-12-12 18:26:02.322095,61.23,61.28
2025-12-12 18:26:08.885214,61.24,61.28
2025-12-12 18:26:14.829445,61.23,61.28
2025-12-12 18:26:30.064591,61.23,61.27
2025-12-12 18:26:32.260796,61.24,61.28
2025-12-12 18:26:38.108635,61.24,61.29
2025-12-12 18:26:38.531382,61.25,61.28
2025-12-12 18:26:39.160553,61.24,61.28
2025-12-12 18:26:44.956651,61.25,61.28
2025-12-12 18:26:48.296982,61.24,61.28
2025-12-12 18:26:48.741107,61.25,61.28
2025-12-12 18:26:53.157559,61.24,61.29
2025-12-12 18:26:55.856569,61.24,61.28
2025-12-12 18:26:56.557119,61.24,61.27
2025-12-12 18:27:02.848766,61.23,61.28
2025-12-12 18:27:09.720031,61.24,61.28
2025-12-12 18:27:11.071909,61.24,61.27
2025-12-12 18:27:13.986096,61.24,61.29
2025-12-12 18:27:16.345780,61.25,61.28
2025-12-12 18:27:16.635682,61.26,61.3
2025-12-12 18:27:29.768714,61.26,61.31
2025-12-12 18:27:34.730888,61.27,61.31
2025-12-12 18:27:55.616162,61.28,61.32
2025-12-12 18:27:56.948345,61.28,61.33
2025-12-12 18:27:59.784234,61.28,61.31
2025-12-12 18:28:09.863625,61.28,61.33
2025-12-12 18:28:10.716794,61.29,61.32
2025-12-12 18:28:14.273495,61.28,61.33
2025-12-12 18:28:18.180810,61.28,61.32
2025-12-12 18:28:18.688927,61.29,61.33
2025-12-12 18:28:19.545587,61.28,61.31
2025-12-12 18:28:21.015078,61.28,61.32
2025-12-12 18:28:23.378149,61.29,61.32
2025-12-12 18:28:26.480778,61.3,61.34
2025-12-12 18:28:26.746355,61.29,61.33
2025-12-12 18:28:33.963114,61.29,61.32
2025-12-12 18:28:35.071798,61.3,61.33
2025-12-12 18:28:35.282617,61.29,61.34
2025-12-12 18:28:41.833419,61.29,61.33
2025-12-12 18:28:44.346806,61.29,61.32
2025-12-12 18:28:45.903927,61.28,61.33
2025-12-12 18:28:47.087681,61.29,61.32
2025-12-12 18:28:49.309529,61.28,61.33
2025-12-12 18:28:50.863250,61.29,61.32
2025-12-12 18:28:51.248662,61.28,61.32
2025-12-12 18:28:52.133677,61.29,61.32
2025-12-12 18:28:58.513292,61.28,61.33
2025-12-12 18:29:01.272511,61.28,61.31
2025-12-12 18:29:02.158135,61.29,61.32
2025-12-12 18:29:03.692381,61.28,61.31
2025-12-12 18:29:04.186780,61.28,61.32
2025-12-12 18:29:05.061975,61.28,61.33
2025-12-12 18:29:06.472347,61.28,61.31
2025-12-12 18:29:07.431521,61.28,61.32
2025-12-12 18:29:10.957727,61.29,61.32
2025-12-12 18:29:12.860958,61.28,61.32
2025-12-12 18:29:20.251596,61.29,61.32
2025-12-12 18:29:23.742033,61.28,61.31
2025-12-12 18:29:26.363945,61.28,61.33
2025-12-12 18:29:31.703008,61.28,61.32
2025-12-12 18:29:38.850335,61.27,61.31
2025-12-12 18:29:40.615728,61.27,61.3
2025-12-12 18:29:43.246333,61.27,61.32
2025-12-12 18:29:43.461719,61.28,61.32
2025-12-12 18:29:48.991195,61.28,61.33
2025-12-12 18:29:49.761937,61.28,61.31
2025-12-12 18:29:56.713331,61.28,61.33
2025-12-12 18:29:57.481142,61.28,61.32
2025-12-12 18:29:59.131682,61.29,61.32
2025-12-12 18:29:59.390540,61.28,61.32
2025-12-12 18:29:59.783172,61.28,61.33
2025-12-12 18:30:00.014774,61.28,61.32
2025-12-12 18:30:00.263669,61.27,61.32
2025-12-12 18:30:01.434027,61.28,61.31
2025-12-12 18:30:03.692223,61.27,61.32
2025-12-12 18:30:03.971035,61.29,61.32
2025-12-12 18:30:04.407158,61.28,61.32
2025-12-12 18:30:06.437878,61.29,61.33
2025-12-12 18:30:08.540970,61.28,61.33
2025-12-12 18:30:09.614908,61.28,61.32
2025-12-12 18:30:12.283818,61.29,61.32
2025-12-12 18:30:14.116743,61.28,61.33
2025-12-12 18:30:14.662992,61.29,61.33
2025-12-12 18:30:22.080308,61.28,61.31
2025-12-12 18:30:22.437876,61.27,61.31
2025-12-12 18:30:25.202992,61.27,61.32
2025-12-12 18:30:25.748436,61.27,61.3
2025-12-12 18:30:26.216403,61.27,61.31
2025-12-12 18:30:26.479845,61.28,61.31
2025-12-12 18:30:29.239022,61.29,61.33
2025-12-12 18:30:32.549467,61.29,61.34
2025-12-12 18:30:33.499328,61.29,61.33
2025-12-12 18:30:38.240654,61.28,61.32
2025-12-12 18:30:54.338397,61.27,61.31
2025-12-12 18:30:56.862117,61.28,61.32
2025-12-12 18:30:57.670375,61.27,61.31
2025-12-12 18:31:01.730547,61.26,61.31
2025-12-12 18:31:10.824019,61.27,61.31
2025-12-12 18:31:21.663578,61.26,61.3
2025-12-12 18:31:23.687416,61.26,61.29
2025-12-12 18:31:31.863380,61.25,61.29
2025-12-12 18:31:32.310920,61.26,61.29
2025-12-12 18:31:39.931856,61.25,61.29
2025-12-12 18:31:49.481880,61.24,61.28
2025-12-12 18:31:55.877140,61.24,61.27
2025-12-12 18:32:02.217359,61.25,61.28
2025-12-12 18:32:49.375216,61.25,61.29
2025-12-12 18:32:52.586825,61.25,61.28
2025-12-12 18:32:59.782602,61.24,61.28
2025-12-12 18:33:01.833761,61.24,61.27
2025-12-12 18:33:16.158998,61.23,61.28
2025-12-12 18:33:19.087212,61.24,61.28
2025-12-12 18:33:40.720550,61.24,61.27
2025-12-12 18:33:50.936333,61.22,61.25
2025-12-12 18:33:53.087865,61.22,61.26
2025-12-12 18:33:53.925950,61.21,61.25
2025-12-12 18:33:55.314942,61.22,61.26
2025-12-12 18:33:55.733179,61.21,61.26
2025-12-12 18:34:04.084453,61.22,61.26
2025-12-12 18:34:04.553540,61.22,61.25
2025-12-12 18:34:07.559302,61.21,61.26
2025-12-12 18:34:16.139270,61.21,61.25
2025-12-12 18:34:18.972012,61.2,61.25
2025-12-12 18:34:21.233426,61.2,61.24
2025-12-12 18:34:25.133495,61.19,61.23
2025-12-12 18:34:26.228413,61.18,61.21
2025-12-12 18:34:26.486833,61.17,61.21
2025-12-12 18:34:27.130415,61.17,61.2
2025-12-12 18:34:27.394936,61.18,61.21
2025-12-12 18:34:27.906132,61.18,61.23
2025-12-12 18:34:28.572335,61.19,61.23
2025-12-12 18:34:28.897917,61.18,61.23
2025-12-12 18:34:29.534770,61.19,61.22
2025-12-12 18:34:30.830124,61.18,61.23
2025-12-12 18:34:34.861506,61.19,61.23
2025-12-12 18:35:00.596373,61.2,61.24
2025-12-12 18:35:01.648621,61.2,61.25
2025-12-12 18:35:02.634833,61.2,61.23
2025-12-12 18:35:04.261192,61.2,61.25
2025-12-12 18:35:06.653240,61.21,61.24
2025-12-12 18:35:09.528291,61.21,61.25
2025-12-12 18:35:23.092523,61.21,61.26
2025-12-12 18:35:23.359009,61.21,61.25
2025-12-12 18:35:25.334646,61.22,61.26
2025-12-12 18:35:27.992806,61.22,61.27
2025-12-12 18:35:31.869824,61.23,61.26
2025-12-12 18:35:32.316339,61.24,61.28
2025-12-12 18:35:38.689450,61.23,61.28
2025-12-12 18:35:46.442932,61.24,61.28
2025-12-12 18:35:52.576482,61.23,61.28
2025-12-12 18:35:56.416267,61.24,61.27
2025-12-12 18:35:58.568391,61.24,61.28
2025-12-12 18:36:00.435514,61.25,61.29
2025-12-12 18:36:14.095723,61.24,61.29
2025-12-12 18:36:14.542625,61.25,61.29
2025-12-12 18:36:18.282088,61.24,61.29
2025-12-12 18:36:19.173057,61.25,61.28
2025-12-12 18:36:33.978397,61.24,61.28
2025-12-12 18:36:38.852383,61.24,61.29
2025-12-12 18:36:39.891066,61.24,61.27
2025-12-12 18:36:45.546581,61.24,61.29
2025-12-12 18:36:51.131457,61.24,61.28
2025-12-12 18:37:00.054279,61.23,61.27
2025-12-12 18:37:04.430172,61.22,61.27
2025-12-12 18:37:06.580028,61.23,61.27
2025-12-12 18:37:10.840306,61.24,61.28
2025-12-12 18:37:11.896863,61.23,61.26
2025-12-12 18:37:17.856263,61.22,61.26
2025-12-12 18:37:20.493579,61.21,61.25
2025-12-12 18:37:21.782780,61.22,61.26
2025-12-12 18:37:22.903999,61.2,61.24
2025-12-12 18:37:23.411915,61.2,61.23
2025-12-12 18:37:26.796910,61.21,61.25
2025-12-12 18:37:27.357987,61.2,61.24
2025-12-12 18:37:27.945345,61.21,61.25
2025-12-12 18:37:53.214915,61.22,61.27
2025-12-12 18:37:54.896500,61.23,61.27
2025-12-12 18:38:03.192122,61.22,61.27
2025-12-12 18:38:10.351039,61.22,61.25
2025-12-12 18:38:10.646829,61.22,61.26
2025-12-12 18:38:33.337371,61.21,61.26
2025-12-12 18:38:36.107759,61.21,61.24
2025-12-12 18:38:37.523018,61.21,61.26
2025-12-12 18:38:38.803264,61.22,61.26
2025-12-12 18:38:59.682812,61.21,61.26
2025-12-12 18:39:00.858913,61.21,61.25
2025-12-12 18:39:25.129210,61.2,61.24
2025-12-12 18:39:40.715564,61.19,61.23
2025-12-12 18:39:56.184101,61.2,61.23
2025-12-12 18:40:09.558030,61.19,61.23
2025-12-12 18:40:14.350896,61.18,61.22
2025-12-12 18:40:19.889045,61.17,61.21
2025-12-12 18:40:24.497199,61.17,61.2
2025-12-12 18:40:24.958044,61.16,61.2
2025-12-12 18:40:30.976721,61.17,61.21
2025-12-12 18:41:15.056883,61.18,61.21
2025-12-12 18:41:16.543345,61.17,61.22
2025-12-12 18:41:20.823173,61.17,61.21
2025-12-12 18:41:23.195373,61.17,61.22
2025-12-12 18:41:38.925316,61.17,61.2
2025-12-12 18:41:40.158645,61.17,61.21
2025-12-12 18:41:40.672511,61.18,61.21
2025-12-12 18:41:40.886983,61.17,61.22
2025-12-12 18:41:47.833322,61.18,61.22
2025-12-12 18:41:48.791461,61.17,61.22
2025-12-12 18:41:50.111930,61.17,61.21
2025-12-12 18:41:52.787202,61.18,61.22
2025-12-12 18:41:53.063357,61.17,61.21
2025-12-12 18:41:55.479877,61.18,61.22
2025-12-12 18:42:06.087883,61.19,61.24
2025-12-12 18:42:09.664577,61.2,61.24
2025-12-12 18:42:12.835517,61.19,61.22
2025-12-12 18:42:20.654954,61.19,61.23
2025-12-12 18:42:21.492695,61.21,61.24
2025-12-12 18:42:28.973899,61.2,61.24
2025-12-12 18:42:31.853805,61.21,61.24
2025-12-12 18:42:37.320662,61.22,61.25
2025-12-12 18:42:55.640386,61.21,61.26
2025-12-12 18:42:57.376098,61.21,61.24
2025-12-12 18:43:00.809161,61.22,61.26
2025-12-12 18:43:01.792286,61.2,61.25
2025-12-12 18:43:17.343134,61.21,61.25
2025-12-12 18:43:18.930914,61.21,61.24
2025-12-12 18:43:28.102292,61.2,61.25
2025-12-12 18:43:30.535523,61.2,61.23
2025-12-12 18:43:40.565720,61.2,61.25
2025-12-12 18:43:41.555200,61.2,61.24
2025-12-12 18:43:47.405173,61.19,61.23
2025-12-12 18:44:02.330124,61.2,61.23
2025-12-12 18:44:02.372374,61.19,61.24
2025-12-12 18:44:04.216676,61.2,61.24
2025-12-12 18:44:04.662584,61.19,61.24
2025-12-12 18:44:09.318661,61.2,61.24
2025-12-12 18:44:15.926951,61.19,61.23
2025-12-12 18:44:18.767790,61.18,61.22
2025-12-12 18:44:24.385009,61.18,61.21
2025-12-12 18:44:24.786260,61.17,61.21
2025-12-12 18:44:28.351640,61.18,61.23
2025-12-12 18:44:29.688897,61.18,61.22
2025-12-12 18:44:35.601188,61.19,61.22
2025-12-12 18:44:35.837429,61.18,61.21
2025-12-12 18:44:37.079637,61.18,61.23
2025-12-12 18:44:43.373628,61.19,61.23
2025-12-12 18:44:51.920954,61.2,61.24
2025-12-12 18:45:01.125558,61.2,61.25
2025-12-12 18:45:01.806709,61.2,61.24
2025-12-12 18:45:11.707311,61.2,61.25
2025-12-12 18:45:12.488337,61.21,61.24
2025-12-12 18:45:27.295586,61.21,61.26
2025-12-12 18:45:28.547410,61.21,61.24
2025-12-12 18:45:28.923841,61.21,61.26
2025-12-12 18:45:33.711795,61.23,61.26
2025-12-12 18:45:40.659251,61.21,61.26
2025-12-12 18:45:43.931447,61.22,61.25
2025-12-12 18:45:45.978623,61.22,61.27
2025-12-12 18:45:46.549672,61.22,61.26
2025-12-12 18:45:49.607971,61.22,61.25
2025-12-12 18:45:50.585214,61.22,61.26
2025-12-12 18:45:51.015156,61.22,61.25
2025-12-12 18:45:51.733447,61.22,61.27
2025-12-12 18:45:54.944077,61.23,61.27
2025-12-12 18:45:59.900280,61.22,61.26
2025-12-12 18:46:13.617907,61.22,61.25
2025-12-12 18:46:17.481129,61.22,61.27
2025-12-12 18:46:21.098508,61.23,61.26
2025-12-12 18:46:21.730904,61.22,61.26
2025-12-12 18:46:23.982837,61.22,61.27
2025-12-12 18:46:25.779785,61.23,61.26
2025-12-12 18:46:26.692891,61.22,61.26
2025-12-12 18:46:30.242450,61.23,61.26
2025-12-12 18:46:38.179515,61.21,61.26
2025-12-12 18:46:39.319930,61.22,61.25
2025-12-12 18:46:41.659286,61.21,61.26
2025-12-12 18:46:42.653507,61.22,61.26
2025-12-12 18:46:51.423542,61.21,61.26
2025-12-12 18:47:19.251492,61.22,61.26
2025-12-12 18:47:23.584882,61.21,61.26
2025-12-12 18:47:24.642674,61.22,61.25
2025-12-12 18:48:03.243263,61.21,61.26
2025-12-12 18:48:22.865009,61.23,61.27
2025-12-12 18:48:39.643867,61.22,61.26
2025-12-12 18:48:40.505101,61.22,61.27
2025-12-12 18:48:41.337663,61.23,61.27
2025-12-12 18:48:42.223558,61.22,61.25
2025-12-12 18:49:02.134658,61.22,61.26
2025-12-12 18:49:10.917043,61.22,61.25
2025-12-12 18:49:39.468293,61.21,61.26
2025-12-12 18:49:42.050523,61.22,61.26
2025-12-12 18:49:43.710236,61.21,61.25
2025-12-12 18:49:47.723504,61.22,61.26
2025-12-12 18:49:48.250499,61.21,61.26
2025-12-12 18:49:49.306611,61.21,61.25
2025-12-12 18:49:49.722812,61.21,61.26
2025-12-12 18:49:50.854855,61.22,61.25
2025-12-12 18:49:57.684614,61.22,61.27
2025-12-12 18:50:09.408831,61.22,61.26
2025-12-12 18:50:10.880216,61.22,61.27
2025-12-12 18:50:21.085558,61.22,61.25
2025-12-12 18:50:21.645527,61.22,61.27
2025-12-12 18:50:23.584469,61.21,61.26
2025-12-12 18:50:34.440819,61.22,61.27
2025-12-12 18:50:45.172935,61.23,61.27
2025-12-12 18:50:47.975625,61.22,61.26
2025-12-12 18:50:49.184108,61.23,61.27
2025-12-12 18:50:50.110444,61.22,61.27
2025-12-12 18:50:50.561758,61.23,61.26
2025-12-12 18:50:51.338923,61.22,61.27
2025-12-12 18:50:52.581965,61.22,61.25
2025-12-12 18:50:52.784511,61.22,61.26
2025-12-12 18:50:56.059896,61.22,61.25
2025-12-12 18:50:57.632555,61.22,61.27
2025-12-12 18:50:59.646584,61.22,61.25
2025-12-12 18:51:03.053646,61.22,61.26
2025-12-12 18:51:07.835791,61.23,61.27
2025-12-12 18:51:09.948907,61.22,61.25
2025-12-12 18:51:11.690975,61.22,61.26
2025-12-12 18:51:17.408992,61.22,61.27
2025-12-12 18:51:18.456078,61.22,61.26
2025-12-12 18:51:21.166271,61.22,61.27
2025-12-12 18:51:24.045174,61.23,61.27
2025-12-12 18:51:24.715808,61.22,61.25
2025-12-12 18:51:50.741203,61.22,61.27
2025-12-12 18:51:55.123918,61.21,61.26
2025-12-12 18:51:55.342769,61.22,61.26
2025-12-12 18:52:03.796619,61.21,61.25
2025-12-12 18:52:04.500087,61.22,61.26
2025-12-12 18:52:05.790237,61.21,61.25
2025-12-12 18:52:06.698780,61.21,61.26
2025-12-12 18:52:09.573450,61.25,61.28
2025-12-12 18:52:10.707006,61.24,61.28
2025-12-12 18:52:13.206770,61.23,61.28
2025-12-12 18:52:15.930057,61.23,61.26
2025-12-12 18:52:17.449387,61.23,61.28
2025-12-12 18:52:18.566194,61.23,61.26
2025-12-12 18:52:19.350821,61.23,61.28
2025-12-12 18:52:21.596281,61.24,61.28
2025-12-12 18:52:22.373153,61.23,61.27
2025-12-12 18:52:27.634821,61.23,61.28
2025-12-12 18:52:28.424294,61.24,61.27
2025-12-12 18:52:29.319685,61.23,61.27
2025-12-12 18:52:33.423636,61.23,61.26
2025-12-12 18:52:35.384417,61.23,61.28
2025-12-12 18:52:36.909771,61.24,61.28
2025-12-12 18:52:46.000140,61.24,61.29
2025-12-12 18:53:00.395851,61.25,61.28
2025-12-12 18:53:00.609119,61.24,61.28
2025-12-12 18:53:14.847622,61.25,61.29
2025-12-12 18:53:28.305557,61.24,61.29
2025-12-12 18:53:30.467539,61.24,61.27
2025-12-12 18:53:44.081122,61.23,61.27
2025-12-12 18:53:50.857386,61.24,61.27
2025-12-12 18:53:53.325754,61.23,61.28
2025-12-12 18:53:59.712137,61.24,61.27
2025-12-12 18:54:00.055715,61.23,61.28
2025-12-12 18:54:00.645304,61.23,61.27
2025-12-12 18:54:01.168557,61.23,61.28
2025-12-12 18:54:07.746780,61.23,61.27
2025-12-12 18:54:09.112367,61.23,61.26
2025-12-12 18:54:09.531604,61.22,61.26
2025-12-12 18:54:10.601103,61.23,61.26
2025-12-12 18:54:12.045292,61.22,61.27
2025-12-12 18:54:12.959138,61.23,61.26
2025-12-12 18:54:13.706992,61.22,61.26
2025-12-12 18:54:14.400358,61.23,61.26
2025-12-12 18:54:15.848887,61.22,61.26
2025-12-12 18:54:16.362134,61.23,61.26
2025-12-12 18:54:18.445271,61.22,61.26
2025-12-12 18:54:19.463533,61.23,61.26
2025-12-12 18:54:19.838441,61.22,61.26
2025-12-12 18:54:20.103741,61.23,61.27
2025-12-12 18:54:20.504067,61.22,61.27
2025-12-12 18:54:23.246328,61.23,61.26
2025-12-12 18:54:39.828235,61.22,61.27
2025-12-12 18:54:40.326405,61.23,61.26
2025-12-12 18:54:41.955156,61.22,61.27
2025-12-12 18:54:42.992101,61.23,61.26
2025-12-12 18:54:43.516014,61.22,61.27
2025-12-12 18:54:45.576512,61.23,61.26
2025-12-12 18:54:46.833770,61.22,61.26
2025-12-12 18:54:47.132634,61.21,61.24
2025-12-12 18:54:47.733101,61.21,61.26
2025-12-12 18:54:53.282466,61.21,61.25
2025-12-12 18:54:55.609678,61.22,61.25
2025-12-12 18:54:55.792124,61.21,61.25
2025-12-12 18:54:57.078474,61.22,61.26
2025-12-12 18:55:10.161231,61.21,61.25
2025-12-12 18:55:12.625712,61.2,61.25
2025-12-12 18:55:13.319194,61.19,61.23
2025-12-12 18:55:20.087946,61.2,61.24
2025-12-12 18:55:20.811849,61.2,61.25
2025-12-12 18:55:22.174468,61.2,61.23
2025-12-12 18:55:22.380035,61.2,61.24
2025-12-12 18:55:23.181544,61.21,61.25
2025-12-12 18:55:24.531285,61.2,61.25
2025-12-12 18:55:26.403285,61.2,61.24
2025-12-12 18:55:27.292529,61.19,61.23
2025-12-12 18:55:28.327297,61.2,61.23
2025-12-12 18:55:30.066183,61.19,61.24
2025-12-12 18:55:31.350847,61.2,61.24
2025-12-12 18:55:33.405161,61.19,61.23
2025-12-12 18:55:39.421058,61.2,61.24
2025-12-12 18:55:40.830309,61.2,61.23
2025-12-12 18:55:56.845617,61.19,61.24
2025-12-12 18:55:57.267396,61.2,61.23
2025-12-12 18:55:57.844484,61.2,61.24
2025-12-12 18:55:59.863148,61.2,61.23
2025-12-12 18:56:00.946856,61.19,61.23
2025-12-12 18:56:01.568428,61.2,61.23
2025-12-12 18:56:09.301346,61.2,61.25
2025-12-12 18:56:15.148516,61.2,61.23
2025-12-12 18:56:17.690050,61.19,61.22
2025-12-12 18:56:21.192005,61.18,61.22
2025-12-12 18:56:27.832694,61.19,61.23
2025-12-12 18:56:29.072383,61.18,61.22
2025-12-12 18:56:33.557130,61.19,61.23
2025-12-12 18:56:34.486994,61.18,61.23
2025-12-12 18:56:37.846406,61.2,61.23
2025-12-12 18:56:47.446677,61.2,61.24
2025-12-12 18:56:48.238374,61.21,61.25
2025-12-12 18:56:48.503766,61.2,61.25
2025-12-12 18:56:52.312802,61.21,61.24
2025-12-12 18:56:53.511028,61.2,61.24
2025-12-12 18:56:56.651439,61.21,61.25
2025-12-12 18:57:02.874875,61.2,61.24
2025-12-12 18:57:03.815832,61.2,61.25
2025-12-12 18:57:04.593863,61.2,61.24
2025-12-12 18:57:06.731107,61.19,61.23
2025-12-12 18:57:11.088961,61.2,61.23
2025-12-12 18:57:12.104272,61.19,61.24
2025-12-12 18:57:15.072239,61.2,61.24
2025-12-12 18:57:15.877747,61.19,61.23
2025-12-12 18:57:17.895261,61.2,61.23
2025-12-12 18:57:18.681120,61.19,61.23
2025-12-12 18:57:20.348253,61.19,61.22
2025-12-12 18:57:25.081522,61.18,61.22
2025-12-12 18:57:29.899373,61.19,61.23
2025-12-12 18:57:31.830310,61.19,61.22
2025-12-12 18:57:37.383151,61.18,61.22
2025-12-12 18:57:38.373427,61.19,61.23
2025-12-12 18:57:40.009150,61.18,61.23
2025-12-12 18:57:41.881969,61.19,61.22
2025-12-12 18:57:54.686828,61.18,61.21
2025-12-12 18:57:56.953745,61.17,61.21
2025-12-12 18:57:59.596595,61.18,61.21
2025-12-12 18:58:00.046780,61.17,61.22
2025-12-12 18:58:00.859207,61.18,61.22
2025-12-12 18:58:03.935459,61.17,61.22
2025-12-12 18:58:04.724245,61.17,61.21
2025-12-12 18:58:08.029259,61.17,61.22
2025-12-12 18:58:13.083951,61.17,61.2
2025-12-12 18:58:16.028566,61.17,61.21
2025-12-12 18:58:18.134613,61.16,61.21
2025-12-12 18:58:19.803591,61.17,61.2
2025-12-12 18:58:20.094053,61.16,61.21
2025-12-12 18:58:20.812214,61.17,61.2
2025-12-12 18:58:30.145793,61.16,61.2
2025-12-12 18:58:36.812905,61.17,61.21
2025-12-12 18:58:36.936537,61.17,61.2
2025-12-12 18:58:45.061827,61.16,61.2
2025-12-12 18:58:51.221422,61.17,61.21
2025-12-12 18:58:53.323422,61.17,61.2
2025-12-12 18:58:53.912394,61.16,61.21
2025-12-12 18:58:57.623138,61.16,61.2
2025-12-12 18:58:59.988259,61.16,61.21
2025-12-12 18:59:02.094311,61.16,61.2
2025-12-12 18:59:15.841875,61.15,61.19
2025-12-12 18:59:19.697880,61.16,61.2
2025-12-12 18:59:21.466744,61.15,61.19
2025-12-12 18:59:22.003944,61.14,61.18
2025-12-12 18:59:24.677261,61.13,61.17
2025-12-12 18:59:27.013835,61.14,61.18
2025-12-12 18:59:28.186843,61.15,61.18
2025-12-12 18:59:30.645194,61.14,61.18
2025-12-12 18:59:33.646705,61.15,61.18
2025-12-12 18:59:34.535970,61.14,61.18
2025-12-12 18:59:45.246896,61.16,61.2
2025-12-12 18:59:45.649016,61.15,61.2
2025-12-12 18:59:47.098810,61.15,61.19
2025-12-12 18:59:52.788430,61.15,61.18
2025-12-12 18:59:53.443137,61.16,61.2
2025-12-12 18:59:53.896596,61.15,61.18
2025-12-12 18:59:54.725241,61.15,61.2
2025-12-12 18:59:58.962628,61.15,61.18
2025-12-12 19:00:00.147956,61.15,61.2
2025-12-12 19:00:00.934392,61.16,61.2
2025-12-12 19:00:01.421893,61.15,61.19
2025-12-12 19:00:02.578707,61.15,61.18
2025-12-12 19:00:06.647455,61.15,61.19
2025-12-12 19:00:10.330851,61.15,61.18
2025-12-12 19:00:12.488581,61.16,61.2
2025-12-12 19:00:13.141990,61.15,61.2
2025-12-12 19:00:13.511563,61.15,61.19
2025-12-12 19:00:18.238360,61.15,61.2
2025-12-12 19:00:21.596630,61.15,61.18
2025-12-12 19:00:22.325874,61.16,61.2
2025-12-12 19:00:23.602680,61.17,61.22
2025-12-12 19:00:29.338259,61.19,61.23
2025-12-12 19:00:31.667098,61.2,61.23
2025-12-12 19:00:35.780028,61.18,61.22
2025-12-12 19:00:39.583501,61.19,61.22
2025-12-12 19:01:04.705918,61.18,61.21
2025-12-12 19:01:04.971752,61.18,61.22
2025-12-12 19:01:15.384645,61.17,61.21
2025-12-12 19:01:17.561069,61.18,61.22
2025-12-12 19:01:18.549126,61.17,61.21
2025-12-12 19:01:20.312382,61.18,61.22
2025-12-12 19:01:32.407150,61.17,61.22
2025-12-12 19:01:35.438439,61.17,61.21
2025-12-12 19:01:48.173698,61.18,61.21
2025-12-12 19:01:52.586681,61.17,61.2
2025-12-12 19:02:02.096917,61.17,61.22
2025-12-12 19:02:03.091661,61.17,61.2
2025-12-12 19:02:07.196720,61.16,61.2
2025-12-12 19:02:07.405076,61.16,61.19
2025-12-12 19:02:08.869565,61.16,61.2
2025-12-12 19:02:11.908947,61.17,61.2
2025-12-12 19:02:13.583380,61.16,61.21
2025-12-12 19:02:14.043070,61.17,61.21
2025-12-12 19:02:30.056658,61.16,61.21
2025-12-12 19:02:34.512284,61.15,61.19
2025-12-12 19:02:35.600994,61.16,61.19
2025-12-12 19:02:36.306078,61.15,61.19
2025-12-12 19:02:46.651680,61.16,61.2
2025-12-12 19:02:47.939075,61.16,61.19
2025-12-12 19:02:53.121234,61.15,61.2
2025-12-12 19:02:56.695942,61.16,61.19
2025-12-12 19:03:09.567528,61.16,61.2
2025-12-12 19:03:15.755367,61.15,61.19
2025-12-12 19:03:16.200392,61.17,61.21
2025-12-12 19:03:16.928717,61.16,61.21
2025-12-12 19:03:19.360032,61.17,61.21
2025-12-12 19:03:21.338393,61.18,61.22
2025-12-12 19:03:26.807676,61.17,61.22
2025-12-12 19:03:27.591813,61.18,61.21
2025-12-12 19:03:30.157354,61.19,61.22
2025-12-12 19:03:30.960447,61.18,61.23
2025-12-12 19:03:31.314536,61.19,61.23
2025-12-12 19:03:33.410613,61.19,61.22
2025-12-12 19:03:50.122479,61.18,61.22
2025-12-12 19:03:51.066549,61.19,61.22
2025-12-12 19:03:51.778215,61.18,61.21
2025-12-12 19:03:53.102907,61.17,61.21
2025-12-12 19:04:00.873407,61.18,61.21
2025-12-12 19:04:01.685832,61.17,61.21
2025-12-12 19:04:02.185853,61.18,61.21
2025-12-12 19:04:03.514739,61.17,61.22
2025-12-12 19:04:05.484672,61.18,61.22
2025-12-12 19:04:05.847022,61.17,61.21
2025-12-12 19:04:11.305312,61.18,61.21
2025-12-12 19:04:16.932210,61.18,61.23
2025-12-12 19:04:19.945937,61.19,61.23
2025-12-12 19:04:22.557542,61.18,61.22
2025-12-12 19:04:23.671986,61.18,61.21
2025-12-12 19:04:28.291904,61.18,61.22
2025-12-12 19:04:29.534699,61.19,61.23
2025-12-12 19:04:31.668497,61.18,61.23
2025-12-12 19:04:35.357797,61.19,61.22
2025-12-12 19:04:40.398712,61.18,61.23
2025-12-12 19:04:49.916262,61.19,61.22
2025-12-12 19:04:53.315987,61.18,61.22
2025-12-12 19:04:56.058062,61.19,61.23
2025-12-12 19:04:57.874336,61.18,61.22
2025-12-12 19:04:58.478347,61.17,61.22
2025-12-12 19:05:03.003961,61.18,61.22
2025-12-12 19:05:05.711432,61.17,61.22
2025-12-12 19:05:05.960571,61.18,61.21
2025-12-12 19:05:07.314556,61.18,61.22
2025-12-12 19:05:13.852355,61.19,61.23
2025-12-12 19:05:14.831337,61.18,61.23
2025-12-12 19:05:24.175519,61.18,61.22
2025-12-12 19:05:25.989897,61.18,61.23
2025-12-12 19:05:28.030435,61.17,61.22
2025-12-12 19:05:32.961771,61.17,61.2
2025-12-12 19:05:35.212988,61.18,61.21
2025-12-12 19:05:38.178654,61.18,61.22
2025-12-12 19:05:41.427190,61.17,61.21
2025-12-12 19:05:49.734035,61.18,61.21
2025-12-12 19:05:55.835897,61.17,61.21
2025-12-12 19:05:59.179317,61.16,61.2
2025-12-12 19:06:02.139612,61.17,61.21
2025-12-12 19:06:04.347940,61.17,61.22
2025-12-12 19:06:05.297688,61.18,61.21
2025-12-12 19:06:09.562146,61.18,61.23
2025-12-12 19:06:10.087152,61.19,61.22
2025-12-12 19:06:10.546398,61.18,61.22
2025-12-12 19:06:10.843189,61.19,61.23
2025-12-12 19:06:12.095844,61.18,61.22
2025-12-12 19:06:27.532351,61.18,61.21
2025-12-12 19:06:36.830405,61.18,61.22
2025-12-12 19:06:38.660469,61.17,61.21
2025-12-12 19:06:41.881836,61.18,61.21
2025-12-12 19:06:46.195607,61.19,61.24
2025-12-12 19:06:52.972758,61.2,61.24
2025-12-12 19:07:01.668916,61.21,61.26
2025-12-12 19:07:09.117069,61.21,61.25
2025-12-12 19:07:10.825095,61.21,61.26
2025-12-12 19:07:11.991510,61.21,61.25
2025-12-12 19:07:14.398792,61.21,61.26
2025-12-12 19:07:14.629072,61.22,61.25
2025-12-12 19:07:16.744217,61.21,61.25
2025-12-12 19:07:25.395024,61.2,61.25
2025-12-12 19:07:28.307832,61.2,61.23
2025-12-12 19:07:38.468267,61.2,61.24
2025-12-12 19:07:42.927665,61.19,61.24
2025-12-12 19:07:44.326119,61.2,61.23
2025-12-12 19:07:44.903859,61.19,61.23
2025-12-12 19:07:48.201486,61.2,61.23
2025-12-12 19:07:48.483762,61.19,61.24
2025-12-12 19:08:01.050416,61.2,61.24
2025-12-12 19:08:01.313048,61.2,61.23
2025-12-12 19:08:01.796399,61.2,61.25
2025-12-12 19:08:04.428582,61.21,61.25
2025-12-12 19:08:04.994995,61.2,61.24
2025-12-12 19:08:13.939923,61.21,61.25
2025-12-12 19:08:14.355882,61.22,61.25
2025-12-12 19:08:17.227011,61.21,61.26
2025-12-12 19:08:18.990902,61.21,61.24
2025-12-12 19:08:34.176147,61.21,61.26
2025-12-12 19:08:34.392772,61.21,61.24
2025-12-12 19:08:35.016493,61.21,61.25
2025-12-12 19:08:39.572323,61.22,61.25
2025-12-12 19:08:39.878303,61.21,61.25
2025-12-12 19:08:47.804468,61.21,61.26
2025-12-12 19:08:48.903651,61.21,61.24
2025-12-12 19:08:50.887694,61.22,61.26
2025-12-12 19:08:57.410286,61.22,61.27
2025-12-12 19:08:57.847744,61.23,61.26
2025-12-12 19:08:58.304361,61.22,61.27
2025-12-12 19:08:58.819471,61.22,61.25
2025-12-12 19:08:59.313037,61.23,61.26
2025-12-12 19:09:01.544978,61.22,61.27
2025-12-12 19:09:05.143124,61.23,61.26
2025-12-12 19:09:09.203794,61.23,61.27
2025-12-12 19:09:11.034417,61.23,61.26
2025-12-12 19:09:48.724515,61.22,61.25
2025-12-12 19:09:49.933883,61.22,61.26
2025-12-12 19:09:51.684886,61.22,61.27
2025-12-12 19:09:52.334562,61.22,61.25
2025-12-12 19:10:09.161064,61.22,61.26
2025-12-12 19:10:11.938514,61.23,61.27
2025-12-12 19:10:13.951950,61.22,61.26
2025-12-12 19:10:14.677562,61.23,61.26
2025-12-12 19:10:23.819848,61.23,61.28
2025-12-12 19:10:26.678621,61.24,61.28
2025-12-12 19:10:29.200846,61.23,61.27
2025-12-12 19:10:29.337952,61.24,61.28
2025-12-12 19:10:31.526552,61.23,61.28
2025-12-12 19:10:31.783865,61.23,61.26
2025-12-12 19:10:32.608784,61.24,61.28
2025-12-12 19:10:35.752295,61.24,61.29
2025-12-12 19:10:36.063095,61.24,61.27
2025-12-12 19:10:36.613426,61.24,61.28
2025-12-12 19:10:55.548200,61.25,61.29
2025-12-12 19:10:56.138035,61.24,61.29
2025-12-12 19:10:59.489621,61.25,61.28
2025-12-12 19:11:00.811590,61.24,61.28
2025-12-12 19:11:01.794317,61.24,61.27
2025-12-12 19:11:02.829441,61.24,61.28
2025-12-12 19:11:05.192863,61.23,61.28
2025-12-12 19:11:06.521335,61.23,61.27
2025-12-12 19:11:10.494368,61.24,61.27
2025-12-12 19:11:15.059549,61.24,61.29
2025-12-12 19:11:16.100182,61.24,61.28
2025-12-12 19:11:20.771264,61.25,61.29
2025-12-12 19:11:22.081598,61.24,61.28
2025-12-12 19:11:23.421258,61.24,61.27
2025-12-12 19:11:23.667492,61.24,61.28
2025-12-12 19:11:34.083607,61.24,61.27
2025-12-12 19:11:45.420947,61.23,61.28
2025-12-12 19:11:55.960663,61.23,61.27
2025-12-12 19:11:57.643258,61.22,61.27
2025-12-12 19:12:00.931081,61.22,61.26
2025-12-12 19:12:14.653560,61.22,61.27
2025-12-12 19:12:17.115122,61.23,61.27
2025-12-12 19:12:19.503760,61.22,61.27
2025-12-12 19:12:20.740703,61.23,61.27
2025-12-12 19:12:21.704055,61.22,61.27
2025-12-12 19:12:27.816961,61.23,61.26
2025-12-12 19:12:28.888109,61.22,61.26
2025-12-12 19:12:31.434097,61.23,61.26
2025-12-12 19:12:33.019282,61.22,61.26
2025-12-12 19:12:35.724086,61.24,61.28
2025-12-12 19:12:42.428064,61.24,61.29
2025-12-12 19:12:42.800107,61.25,61.28
2025-12-12 19:12:43.268561,61.24,61.29
2025-12-12 19:12:44.984362,61.24,61.27
2025-12-12 19:12:45.896863,61.24,61.29
2025-12-12 19:12:46.314154,61.24,61.28
2025-12-12 19:12:46.701466,61.25,61.29
2025-12-12 19:12:47.775379,61.24,61.28
2025-12-12 19:12:49.049122,61.25,61.29
2025-12-12 19:13:00.027588,61.24,61.29
2025-12-12 19:13:02.381617,61.25,61.28
2025-12-12 19:13:03.555260,61.24,61.27
2025-12-12 19:13:04.446279,61.25,61.29
2025-12-12 19:13:06.572497,61.24,61.28
2025-12-12 19:13:08.664843,61.25,61.29
2025-12-12 19:13:11.380216,61.24,61.28
2025-12-12 19:13:20.224260,61.24,61.27
2025-12-12 19:13:26.623907,61.24,61.28
2025-12-12 19:13:27.280134,61.25,61.28
2025-12-12 19:13:31.492090,61.24,61.28
2025-12-12 19:13:36.939607,61.25,61.28
2025-12-12 19:13:38.592710,61.24,61.29
2025-12-12 19:13:39.869102,61.25,61.28
2025-12-12 19:13:40.268920,61.24,61.28
2025-12-12 19:13:44.323387,61.25,61.29
2025-12-12 19:13:46.482474,61.24,61.28
2025-12-12 19:13:50.768898,61.25,61.28
2025-12-12 19:13:51.125635,61.24,61.28
2025-12-12 19:13:51.613289,61.25,61.28
2025-12-12 19:13:52.928107,61.24,61.29
2025-12-12 19:13:53.952164,61.24,61.28
2025-12-12 19:13:54.225066,61.24,61.27
2025-12-12 19:13:59.864296,61.24,61.29
2025-12-12 19:14:01.186726,61.24,61.27
2025-12-12 19:14:01.402324,61.24,61.28
2025-12-12 19:14:01.648079,61.24,61.27
2025-12-12 19:14:01.962979,61.24,61.29
2025-12-12 19:14:02.300247,61.24,61.28
2025-12-12 19:14:06.806826,61.23,61.27
2025-12-12 19:14:07.338068,61.24,61.27
2025-12-12 19:14:08.905356,61.23,61.27
2025-12-12 19:14:23.451295,61.24,61.27
2025-12-12 19:14:28.623965,61.23,61.28
2025-12-12 19:14:35.553288,61.24,61.27
2025-12-12 19:14:35.908683,61.23,61.27
2025-12-12 19:14:37.293854,61.24,61.28
2025-12-12 19:14:42.045539,61.25,61.29
2025-12-12 19:14:43.299185,61.24,61.27
2025-12-12 19:14:44.353283,61.24,61.29
2025-12-12 19:14:46.027272,61.25,61.29
2025-12-12 19:14:47.756196,61.24,61.29
2025-12-12 19:14:51.869678,61.25,61.28
2025-12-12 19:14:52.006284,61.24,61.28
2025-12-12 19:14:52.618570,61.25,61.29
2025-12-12 19:14:56.785973,61.25,61.28
2025-12-12 19:14:58.940884,61.24,61.29
2025-12-12 19:15:22.623732,61.25,61.29
2025-12-12 19:15:35.797681,61.25,61.3
2025-12-12 19:15:37.787619,61.28,61.31
2025-12-12 19:15:40.083829,61.27,61.31
2025-12-12 19:15:40.776564,61.28,61.31
2025-12-12 19:15:41.812281,61.27,61.32
2025-12-12 19:15:45.444009,61.27,61.31
2025-12-12 19:15:47.231143,61.27,61.3
2025-12-12 19:15:59.733032,61.26,61.29
2025-12-12 19:16:01.105538,61.26,61.3
2025-12-12 19:16:07.868303,61.27,61.3
2025-12-12 19:16:08.112515,61.26,61.3
2025-12-12 19:16:08.878100,61.27,61.3
2025-12-12 19:16:10.075216,61.26,61.31
2025-12-12 19:16:11.586811,61.27,61.31
2025-12-12 19:16:12.752406,61.26,61.31
2025-12-12 19:16:15.048348,61.26,61.3
2025-12-12 19:16:23.008949,61.25,61.29
2025-12-12 19:16:23.808138,61.26,61.3
2025-12-12 19:16:25.883310,61.25,61.29
2025-12-12 19:16:43.492656,61.24,61.29
2025-12-12 19:16:45.051733,61.25,61.28
2025-12-12 19:16:47.420368,61.24,61.29
2025-12-12 19:16:50.244646,61.24,61.27
2025-12-12 19:16:51.098298,61.24,61.28
2025-12-12 19:16:51.701626,61.25,61.28
2025-12-12 19:17:01.430960,61.24,61.28
2025-12-12 19:17:04.178108,61.24,61.27
2025-12-12 19:17:06.740743,61.24,61.28
2025-12-12 19:17:08.785596,61.24,61.27
2025-12-12 19:17:09.638205,61.23,61.28
2025-12-12 19:17:15.445629,61.23,61.27
2025-12-12 19:17:31.730271,61.24,61.28
2025-12-12 19:17:34.617507,61.23,61.27
2025-12-12 19:17:41.061269,61.24,61.28
2025-12-12 19:17:41.977485,61.23,61.28
2025-12-12 19:17:42.694888,61.23,61.27
2025-12-12 19:17:49.893470,61.24,61.28
2025-12-12 19:18:00.414009,61.23,61.27
2025-12-12 19:18:01.641873,61.24,61.28
2025-12-12 19:18:14.110869,61.24,61.29
2025-12-12 19:18:24.755427,61.25,61.29
2025-12-12 19:18:27.837185,61.24,61.28
2025-12-12 19:18:30.653959,61.23,61.27
2025-12-12 19:18:40.336952,61.24,61.28
2025-12-12 19:18:50.592931,61.25,61.29
2025-12-12 19:18:59.732297,61.24,61.29
2025-12-12 19:19:05.594552,61.24,61.27
2025-12-12 19:19:16.530943,61.23,61.27
2025-12-12 19:19:19.513007,61.24,61.27
2025-12-12 19:19:27.831029,61.24,61.28
2025-12-12 19:19:32.123226,61.24,61.27
2025-12-12 19:19:32.318944,61.25,61.29
2025-12-12 19:19:33.127403,61.24,61.29
2025-12-12 19:19:36.868603,61.24,61.28
2025-12-12 19:19:42.996979,61.24,61.29
2025-12-12 19:19:44.973866,61.25,61.28
2025-12-12 19:19:46.075144,61.24,61.28
2025-12-12 19:19:58.788749,61.25,61.29
2025-12-12 19:20:00.024477,61.24,61.28
2025-12-12 19:20:04.607572,61.25,61.28
2025-12-12 19:20:24.367623,61.24,61.29
2025-12-12 19:20:25.725862,61.25,61.29
2025-12-12 19:20:31.604376,61.24,61.28
2025-12-12 19:20:32.529006,61.25,61.29
2025-12-12 19:20:33.926545,61.24,61.29
2025-12-12 19:20:34.237933,61.25,61.29
2025-12-12 19:20:54.067017,61.26,61.29
2025-12-12 19:20:54.666192,61.25,61.29
2025-12-12 19:21:00.059891,61.25,61.28
2025-12-12 19:21:00.926812,61.25,61.29
2025-12-12 19:21:04.565864,61.25,61.3
2025-12-12 19:21:07.754484,61.25,61.29
2025-12-12 19:21:08.018914,61.25,61.28
2025-12-12 19:21:09.263208,61.25,61.29
2025-12-12 19:21:17.367847,61.24,61.28
2025-12-12 19:21:18.469950,61.24,61.29
2025-12-12 19:21:38.036560,61.24,61.27
2025-12-12 19:21:39.342788,61.25,61.28
2025-12-12 19:21:40.447227,61.24,61.27
2025-12-12 19:21:41.297031,61.24,61.28
2025-12-12 19:21:42.049710,61.25,61.28
2025-12-12 19:21:42.473613,61.24,61.28
2025-12-12 19:21:43.070768,61.25,61.29
2025-12-12 19:21:43.492370,61.24,61.28
2025-12-12 19:21:57.782748,61.24,61.29
2025-12-12 19:21:59.340600,61.25,61.29
2025-12-12 19:21:59.588273,61.24,61.28
2025-12-12 19:22:34.234037,61.25,61.28
2025-12-12 19:22:34.775800,61.24,61.28
2025-12-12 19:23:07.981517,61.23,61.28
2025-12-12 19:23:08.666872,61.23,61.27
2025-12-12 19:23:09.143662,61.24,61.28
2025-12-12 19:23:23.784161,61.23,61.28
2025-12-12 19:23:25.592694,61.24,61.28
2025-12-12 19:23:26.696874,61.24,61.27
2025-12-12 19:23:35.565328,61.23,61.28
2025-12-12 19:23:38.359678,61.24,61.27
2025-12-12 19:23:39.810275,61.23,61.27
2025-12-12 19:24:05.270826,61.22,61.27
2025-12-12 19:24:08.900517,61.22,61.25
2025-12-12 19:24:10.239277,61.23,61.26
2025-12-12 19:24:11.372773,61.22,61.25
2025-12-12 19:24:12.529174,61.22,61.26
2025-12-12 19:24:12.741644,61.24,61.27
2025-12-12 19:24:14.246762,61.23,61.27
2025-12-12 19:24:15.736873,61.23,61.28
2025-12-12 19:24:16.045180,61.23,61.27
2025-12-12 19:24:22.076548,61.23,61.28
2025-12-12 19:24:22.678324,61.24,61.27
2025-12-12 19:24:23.441799,61.23,61.26
2025-12-12 19:24:40.295326,61.24,61.27
2025-12-12 19:24:40.822356,61.23,61.26
2025-12-12 19:24:41.035627,61.24,61.28
2025-12-12 19:24:44.632092,61.23,61.28
2025-12-12 19:24:45.304996,61.24,61.28
2025-12-12 19:24:47.531123,61.2,61.25
2025-12-12 19:24:49.332340,61.2,61.24
2025-12-12 19:24:52.218692,61.21,61.24
2025-12-12 19:24:53.609182,61.2,61.23
2025-12-12 19:24:54.445738,61.19,61.23
2025-12-12 19:24:57.033433,61.2,61.24
2025-12-12 19:24:58.232304,61.19,61.23
2025-12-12 19:24:59.003997,61.2,61.23
2025-12-12 19:24:59.626878,61.18,61.22
2025-12-12 19:25:04.697170,61.17,61.21
2025-12-12 19:25:05.690271,61.18,61.22
2025-12-12 19:25:06.573127,61.17,61.2
2025-12-12 19:25:08.810075,61.18,61.21
2025-12-12 19:25:09.288454,61.18,61.23
2025-12-12 19:25:10.353335,61.19,61.22
2025-12-12 19:25:12.803843,61.2,61.24
2025-12-12 19:25:13.548426,61.19,61.23
2025-12-12 19:25:14.839898,61.19,61.22
2025-12-12 19:25:15.191755,61.19,61.24
2025-12-12 19:25:15.827681,61.19,61.23
2025-12-12 19:25:32.036450,61.18,61.22
2025-12-12 19:25:38.618429,61.19,61.22
2025-12-12 19:25:45.022391,61.18,61.21
2025-12-12 19:25:47.956125,61.15,61.19
2025-12-12 19:25:50.494362,61.16,61.2
2025-12-12 19:25:51.003032,61.16,61.21
2025-12-12 19:25:51.901379,61.16,61.19
2025-12-12 19:25:52.795241,61.17,61.2
2025-12-12 19:25:59.849882,61.17,61.21
2025-12-12 19:26:01.874695,61.18,61.22
2025-12-12 19:26:02.259999,61.19,61.22
2025-12-12 19:26:09.194190,61.18,61.22
2025-12-12 19:26:11.917871,61.19,61.22
2025-12-12 19:26:14.785797,61.2,61.24
2025-12-12 19:26:16.451214,61.19,61.24
2025-12-12 19:26:19.259306,61.18,61.23
2025-12-12 19:26:19.602331,61.19,61.22
2025-12-12 19:26:22.130759,61.2,61.24
2025-12-12 19:26:23.213934,61.19,61.23
2025-12-12 19:26:29.665407,61.19,61.24
2025-12-12 19:26:33.566018,61.2,61.24
2025-12-12 19:26:34.313453,61.19,61.24
2025-12-12 19:26:35.019316,61.2,61.23
2025-12-12 19:26:37.275788,61.19,61.24
2025-12-12 19:26:38.701169,61.19,61.23
2025-12-12 19:26:41.241786,61.19,61.24
2025-12-12 19:26:46.664349,61.19,61.23
2025-12-12 19:26:46.764851,61.18,61.23
2025-12-12 19:27:01.549054,61.17,61.21
2025-12-12 19:27:05.341308,61.17,61.22
2025-12-12 19:27:10.583767,61.17,61.2
2025-12-12 19:27:26.010862,61.16,61.2
2025-12-12 19:27:29.759347,61.16,61.19
2025-12-12 19:27:30.778026,61.16,61.21
2025-12-12 19:27:34.188587,61.18,61.22
2025-12-12 19:27:46.047215,61.17,61.22
2025-12-12 19:27:46.876253,61.17,61.2
2025-12-12 19:27:48.534683,61.16,61.21
2025-12-12 19:27:49.310542,61.16,61.19
2025-12-12 19:27:49.601881,61.16,61.21
2025-12-12 19:27:57.094300,61.17,61.21
2025-12-12 19:27:59.292444,61.15,61.19
2025-12-12 19:27:59.590916,61.16,61.19
2025-12-12 19:27:59.896937,61.13,61.17
2025-12-12 19:28:00.498816,61.11,61.14
2025-12-12 19:28:00.765148,61.11,61.15
2025-12-12 19:28:01.274025,61.1,61.14
2025-12-12 19:28:01.560669,61.11,61.14
2025-12-12 19:28:02.099015,61.1,61.14
2025-12-12 19:28:02.654989,61.1,61.15
2025-12-12 19:28:02.688335,61.1,61.14
2025-12-12 19:28:03.056624,61.13,61.16
2025-12-12 19:28:03.523572,61.14,61.18
2025-12-12 19:28:03.904122,61.15,61.18
2025-12-12 19:28:04.466286,61.14,61.18
2025-12-12 19:28:05.039077,61.13,61.17
2025-12-12 19:28:05.327516,61.13,61.18
2025-12-12 19:28:06.246944,61.13,61.17
2025-12-12 19:28:06.571610,61.13,61.16
2025-12-12 19:28:06.817363,61.13,61.17
2025-12-12 19:28:07.034999,61.12,61.16
2025-12-12 19:28:07.282130,61.1,61.15
2025-12-12 19:28:07.515061,61.11,61.14
2025-12-12 19:28:07.970662,61.12,61.15
2025-12-12 19:28:10.642076,61.12,61.17
2025-12-12 19:28:11.919038,61.12,61.16
2025-12-12 19:28:12.121020,61.13,61.17
2025-12-12 19:28:12.444359,61.12,61.15
2025-12-12 19:28:13.464193,61.12,61.17
2025-12-12 19:28:13.915902,61.13,61.17
2025-12-12 19:28:14.365585,61.12,61.17
2025-12-12 19:28:14.799812,61.12,61.16
2025-12-12 19:28:15.020791,61.11,61.15
2025-12-12 19:28:17.374070,61.1,61.15
2025-12-12 19:28:18.693295,61.09,61.14
2025-12-12 19:28:19.208778,61.09,61.13
2025-12-12 19:28:19.763138,61.08,61.13
2025-12-12 19:28:21.082491,61.08,61.12
2025-12-12 19:28:21.548841,61.09,61.13
2025-12-12 19:28:21.828485,61.08,61.12
2025-12-12 19:28:23.071049,61.09,61.14
2025-12-12 19:28:23.878758,61.11,61.14
2025-12-12 19:28:29.210080,61.12,61.16
2025-12-12 19:28:31.422220,61.1,61.15
2025-12-12 19:28:31.920130,61.1,61.14
2025-12-12 19:28:34.675331,61.11,61.16
2025-12-12 19:28:40.845862,61.12,61.15
2025-12-12 19:28:42.335426,61.12,61.16
2025-12-12 19:28:44.351130,61.08,61.12
2025-12-12 19:28:45.503620,61.09,61.13
2025-12-12 19:28:47.448448,61.1,61.15
2025-12-12 19:28:50.788603,61.12,61.15
2025-12-12 19:28:51.222781,61.1,61.14
2025-12-12 19:28:59.575669,61.09,61.14
2025-12-12 19:29:00.610318,61.08,61.12
2025-12-12 19:29:01.060503,61.08,61.11
2025-12-12 19:29:03.517322,61.08,61.13
2025-12-12 19:29:04.742761,61.09,61.12
2025-12-12 19:29:06.343034,61.09,61.13
2025-12-12 19:29:09.009512,61.08,61.13
2025-12-12 19:29:10.523005,61.09,61.13
2025-12-12 19:29:11.149480,61.08,61.12
2025-12-12 19:29:11.475527,61.08,61.13
2025-12-12 19:29:21.689053,61.09,61.13
2025-12-12 19:29:35.264962,61.09,61.12
2025-12-12 19:29:36.241147,61.08,61.11
2025-12-12 19:29:38.575639,61.09,61.12
2025-12-12 19:29:38.634436,61.08,61.11
2025-12-12 19:29:40.357502,61.08,61.13
2025-12-12 19:29:46.193119,61.1,61.14
2025-12-12 19:29:47.258777,61.11,61.14
2025-12-12 19:29:52.727983,61.12,61.16
2025-12-12 19:29:56.723877,61.13,61.17
2025-12-12 19:29:56.956256,61.11,61.15
2025-12-12 19:29:57.305466,61.12,61.16
2025-12-12 19:29:57.980140,61.11,61.15
2025-12-12 19:29:59.728659,61.1,61.15
2025-12-12 19:30:00.521267,61.11,61.15
2025-12-12 19:30:02.048531,61.1,61.14
2025-12-12 19:30:02.397112,61.11,61.15
2025-12-12 19:30:06.752768,61.11,61.16
2025-12-12 19:30:09.101246,61.12,61.16
2025-12-12 19:30:10.844602,61.11,61.16
2025-12-12 19:30:11.401654,61.12,61.16
2025-12-12 19:30:12.541045,61.13,61.17
2025-12-12 19:30:12.733356,61.12,61.16
2025-12-12 19:30:17.160512,61.13,61.17
2025-12-12 19:30:29.061962,61.12,61.16
2025-12-12 19:30:30.674503,61.13,61.17
2025-12-12 19:30:31.240778,61.12,61.16
2025-12-12 19:30:32.468115,61.12,61.17
2025-12-12 19:30:34.819018,61.11,61.16
2025-12-12 19:30:35.159057,61.1,61.14
2025-12-12 19:30:42.167630,61.11,61.16
2025-12-12 19:30:50.619641,61.12,61.15
2025-12-12 19:30:55.770050,61.1,61.14
2025-12-12 19:30:59.509579,61.1,61.15
2025-12-12 19:31:07.437266,61.11,61.16
2025-12-12 19:31:07.888952,61.12,61.15
2025-12-12 19:31:16.320897,61.11,61.15
2025-12-12 19:31:21.399068,61.1,61.15
2025-12-12 19:31:24.735056,61.09,61.14
2025-12-12 19:31:25.703919,61.1,61.14
2025-12-12 19:31:29.934239,61.09,61.13
2025-12-12 19:31:36.260448,61.11,61.15
2025-12-12 19:31:41.132096,61.13,61.16
2025-12-12 19:31:42.586884,61.12,61.15
2025-12-12 19:32:11.425915,61.12,61.16
2025-12-12 19:32:16.704629,61.1,61.15
2025-12-12 19:32:18.345522,61.11,61.14
2025-12-12 19:32:20.710599,61.1,61.14
2025-12-12 19:32:31.268649,61.11,61.15
2025-12-12 19:32:31.748801,61.1,61.14
2025-12-12 19:32:46.633925,61.11,61.15
2025-12-12 19:32:47.407641,61.1,61.15
2025-12-12 19:32:57.161324,61.11,61.14
2025-12-12 19:33:10.287062,61.13,61.17
2025-12-12 19:33:12.615889,61.12,61.17
2025-12-12 19:33:15.477426,61.12,61.16
2025-12-12 19:33:32.665150,61.11,61.16
2025-12-12 19:33:58.935413,61.11,61.15
2025-12-12 19:34:01.808475,61.12,61.17
2025-12-12 19:34:02.754674,61.12,61.15
2025-12-12 19:34:23.678687,61.13,61.16
2025-12-12 19:34:34.479208,61.12,61.16
2025-12-12 19:34:58.010358,61.11,61.16
2025-12-12 19:34:58.719770,61.12,61.15
2025-12-12 19:35:09.635249,61.13,61.16
2025-12-12 19:35:11.437852,61.12,61.16
2025-12-12 19:35:14.094732,61.13,61.16
2025-12-12 19:35:35.236778,61.12,61.16
2025-12-12 19:35:46.633812,61.11,61.15
2025-12-12 19:35:49.582427,61.11,61.14
2025-12-12 19:36:07.835617,61.1,61.14
2025-12-12 19:36:12.351672,61.09,61.13
2025-12-12 19:36:17.713027,61.1,61.14
2025-12-12 19:36:19.265321,61.09,61.14
2025-12-12 19:36:28.298841,61.1,61.14
2025-12-12 19:36:41.656406,61.11,61.15
2025-12-12 19:36:48.594453,61.09,61.13
2025-12-12 19:37:14.985653,61.08,61.13
2025-12-12 19:37:17.865938,61.08,61.11
2025-12-12 19:37:27.331720,61.07,61.12
2025-12-12 19:37:36.051839,61.06,61.1
2025-12-12 19:37:44.665445,61.06,61.11
2025-12-12 19:37:48.475271,61.07,61.11
2025-12-12 19:37:48.647778,61.06,61.1
2025-12-12 19:37:49.714419,61.06,61.09
2025-12-12 19:37:49.974498,61.06,61.11
2025-12-12 19:37:51.259121,61.06,61.09
2025-12-12 19:37:51.769627,61.06,61.11
2025-12-12 19:37:52.834445,61.07,61.11
2025-12-12 19:37:59.803773,61.08,61.11
2025-12-12 19:38:30.875095,61.09,61.14
2025-12-12 19:38:31.234402,61.1,61.13
2025-12-12 19:38:48.876943,61.09,61.13
2025-12-12 19:38:51.538878,61.09,61.12
2025-12-12 19:38:52.697137,61.09,61.14
2025-12-12 19:38:55.311209,61.09,61.12
2025-12-12 19:39:06.845426,61.09,61.14
2025-12-12 19:39:09.638015,61.1,61.14
2025-12-12 19:39:27.167252,61.09,61.13
2025-12-12 19:39:28.110837,61.1,61.13
2025-12-12 19:39:47.785424,61.1,61.15
2025-12-12 19:39:55.673106,61.1,61.13
2025-12-12 19:39:59.838869,61.1,61.14
2025-12-12 19:40:04.406735,61.1,61.13
2025-12-12 19:40:04.696831,61.11,61.15
2025-12-12 19:40:19.257837,61.11,61.14
2025-12-12 19:40:33.544545,61.1,61.15
2025-12-12 19:40:43.476872,61.11,61.15
2025-12-12 19:40:49.373163,61.1,61.14
2025-12-12 19:40:58.840422,61.11,61.15
2025-12-12 19:41:01.843279,61.1,61.14
2025-12-12 19:41:30.265137,61.1,61.15
2025-12-12 19:41:36.352295,61.1,61.13
2025-12-12 19:41:41.235936,61.1,61.15
2025-12-12 19:42:49.592828,61.1,61.14
2025-12-15 01:05:16.734690,61.34,61.37
2025-12-15 01:05:23.700659,61.35,61.38
2025-12-15 01:05:27.098901,61.34,61.37
2025-12-15 01:05:59.831522,61.33,61.36
2025-12-15 01:06:06.124246,61.32,61.35
2025-12-15 01:06:07.885201,61.33,61.36
2025-12-15 01:06:11.052306,61.32,61.35
2025-12-15 01:06:13.819975,61.31,61.34
2025-12-15 01:06:21.579957,61.3,61.33
2025-12-15 01:06:27.733358,61.31,61.34
2025-12-15 01:06:29.993309,61.3,61.33
2025-12-15 01:06:32.382299,61.32,61.35
2025-12-15 01:06:43.587089,61.33,61.36
2025-12-15 01:07:21.485427,61.32,61.35
2025-12-15 01:07:29.024601,61.31,61.34
2025-12-15 01:07:32.914914,61.32,61.35
2025-12-15 01:07:36.255218,61.31,61.34
2025-12-15 01:07:51.099641,61.32,61.35
2025-12-15 01:08:08.538709,61.33,61.36
2025-12-15 01:08:16.313531,61.34,61.37
2025-12-15 01:08:18.212257,61.33,61.36
2025-12-15 01:08:43.969676,61.32,61.35
2025-12-15 01:08:48.530713,61.33,61.36
2025-12-15 01:08:56.923875,61.32,61.35
2025-12-15 01:09:00.692441,61.31,61.34
2025-12-15 01:09:02.522462,61.32,61.35
2025-12-15 01:09:11.321394,61.31,61.34
2025-12-15 01:09:12.759267,61.32,61.35
2025-12-15 01:09:17.301968,61.31,61.34
2025-12-15 01:09:24.829626,61.3,61.33
2025-12-15 01:09:26.925549,61.31,61.34
2025-12-15 01:09:32.348625,61.3,61.33
2025-12-15 01:09:33.276813,61.31,61.34
2025-12-15 01:09:45.676631,61.32,61.35
2025-12-15 01:10:01.378973,61.33,61.36
2025-12-15 01:10:02.083236,61.32,61.35
2025-12-15 01:10:02.695772,61.33,61.36
2025-12-15 01:10:03.448078,61.32,61.35
2025-12-15 01:10:06.578569,61.31,61.34
2025-12-15 01:10:07.445799,61.32,61.35
2025-12-15 01:10:09.712205,61.31,61.34
2025-12-15 01:10:10.455496,61.3,61.33
2025-12-15 01:10:14.595999,61.31,61.34
2025-12-15 01:10:18.230225,61.3,61.33
2025-12-15 01:10:18.975288,61.31,61.34
2025-12-15 01:10:42.317815,61.3,61.33
2025-12-15 01:10:47.820347,61.31,61.34
2025-12-15 01:10:59.286353,61.32,61.35
2025-12-15 01:11:10.281007,61.33,61.36
2025-12-15 01:11:16.335520,61.32,61.35
2025-12-15 01:12:01.472417,61.31,61.34
2025-12-15 01:12:09.973059,61.3,61.33
2025-12-15 01:12:10.937399,61.31,61.34
2025-12-15 01:12:20.316420,61.3,61.33
2025-12-15 01:12:33.285608,61.31,61.34
2025-12-15 01:12:38.344294,61.32,61.35
2025-12-15 01:15:38.388238,61.33,61.36
2025-12-15 01:15:38.631491,61.32,61.35
2025-12-15 01:15:49.623991,61.33,61.36
2025-12-15 01:15:50.377632,61.32,61.35
2025-12-15 01:15:50.957684,61.33,61.36
2025-12-15 01:16:09.523086,61.34,61.37
2025-12-15 01:16:11.793794,61.33,61.36
2025-12-15 01:16:37.690644,61.32,61.35
2025-12-15 01:16:43.405991,61.33,61.36
2025-12-15 01:19:42.798208,61.35,61.38
2025-12-15 01:19:46.373141,61.34,61.37
2025-12-15 01:19:54.079531,61.33,61.36
2025-12-15 01:19:57.745341,61.34,61.37
2025-12-15 01:20:00.110920,61.33,61.36
2025-12-15 01:20:01.083422,61.34,61.37
2025-12-15 01:20:13.071636,61.35,61.38
2025-12-15 01:20:19.180839,61.36,61.39
2025-12-15 01:21:00.708086,61.35,61.38
2025-12-15 01:21:15.840951,61.34,61.37
2025-12-15 01:21:22.719127,61.33,61.36
2025-12-15 01:21:23.873253,61.34,61.37
2025-12-15 01:21:26.633998,61.33,61.36
2025-12-15 01:21:27.430558,61.34,61.37
2025-12-15 01:21:52.424781,61.33,61.36
2025-12-15 01:22:11.889991,61.34,61.37
2025-12-15 01:23:31.118495,61.34,61.37
2025-12-15 01:23:35.636820,61.35,61.38
2025-12-15 01:24:13.806484,61.34,61.37
2025-12-15 01:24:14.068509,61.35,61.38
2025-12-15 01:24:21.183920,61.34,61.37
2025-12-15 01:25:45.030048,61.35,61.38
2025-12-15 01:27:07.407139,61.34,61.37
2025-12-15 01:27:34.576403,61.33,61.36
2025-12-15 01:27:42.790023,61.34,61.37
2025-12-15 01:27:47.423981,61.33,61.36
2025-12-15 01:28:13.329054,61.34,61.37
2025-12-15 01:28:23.280245,61.35,61.38
2025-12-15 01:29:09.495898,61.35,61.38
2025-12-15 01:29:15.409459,61.34,61.37
2025-12-15 01:29:38.184856,61.35,61.38
2025-12-15 01:30:01.681503,61.36,61.39
2025-12-15 01:30:21.921675,61.37,61.4
2025-12-15 01:30:24.291339,61.38,61.41
2025-12-15 01:30:24.580373,61.4,61.43
2025-12-15 01:30:31.183585,61.39,61.42
2025-12-15 01:30:41.397692,61.38,61.41
2025-12-15 01:30:44.312198,61.39,61.42
2025-12-15 01:30:46.289317,61.38,61.41
2025-12-15 01:30:58.347555,61.39,61.42
2025-12-15 01:31:14.890776,61.4,61.43
2025-12-15 01:31:19.226700,61.39,61.42
2025-12-15 01:31:21.393453,61.4,61.43
2025-12-15 01:31:21.698083,61.39,61.42
2025-12-15 01:31:29.225665,61.4,61.43
2025-12-15 01:31:35.627765,61.39,61.42
2025-12-15 01:34:13.949101,61.37,61.4
2025-12-15 01:34:18.839329,61.38,61.41
2025-12-15 01:34:20.607174,61.37,61.4
2025-12-15 01:35:12.809546,61.38,61.41
2025-12-15 01:35:22.522812,61.37,61.4
2025-12-15 01:35:23.758033,61.38,61.41
2025-12-15 01:35:29.916891,61.37,61.4
2025-12-15 01:35:57.485487,61.38,61.41
2025-12-15 01:36:01.937999,61.37,61.4
2025-12-15 01:36:08.251851,61.38,61.41
2025-12-15 01:36:23.324699,61.37,61.4
2025-12-15 01:37:13.896401,61.36,61.39
2025-12-15 01:37:58.702092,61.35,61.38
2025-12-15 01:38:07.679523,61.36,61.39
2025-12-15 01:38:17.588210,61.35,61.38
2025-12-15 01:38:26.168518,61.34,61.37
2025-12-15 01:38:32.615769,61.35,61.38
2025-12-15 01:39:50.387165,61.34,61.37
2025-12-15 01:40:15.208760,61.33,61.36
2025-12-15 01:40:47.857321,61.34,61.37
2025-12-15 01:42:25.261938,61.33,61.36
2025-12-15 01:42:28.229104,61.32,61.35
2025-12-15 01:42:29.211712,61.33,61.36
2025-12-15 01:43:04.757069,61.34,61.37
2025-12-15 01:43:53.461322,61.33,61.36
2025-12-15 01:43:54.422863,61.34,61.37
2025-12-15 01:43:59.644760,61.33,61.36
2025-12-15 01:44:16.497967,61.32,61.35
2025-12-15 01:44:17.830979,61.33,61.36
2025-12-15 01:45:01.081119,61.32,61.35
2025-12-15 01:45:02.033925,61.33,61.36
2025-12-15 01:45:24.413564,61.34,61.37
2025-12-15 01:46:31.405561,61.35,61.38
2025-12-15 01:47:03.272910,61.34,61.37
2025-12-15 01:48:02.589208,61.33,61.36
2025-12-15 01:48:21.632575,61.34,61.37
2025-12-15 01:49:09.148907,61.35,61.38
2025-12-15 01:49:12.862522,61.34,61.37
2025-12-15 01:49:14.734747,61.35,61.38
2025-12-15 01:50:25.726908,61.34,61.37
2025-12-15 02:00:13.261232,61.35,61.38
2025-12-15 02:00:39.173775,61.36,61.39
2025-12-15 02:01:00.145889,61.35,61.38
2025-12-15 02:02:28.972140,61.36,61.39
2025-12-15 02:02:30.200587,61.37,61.4
2025-12-15 02:16:06.972522,61.45,61.48
2025-12-15 02:16:29.903875,61.46,61.49
2025-12-15 02:16:59.672484,61.45,61.48
2025-12-15 02:17:16.027872,61.46,61.49
2025-12-15 02:17:57.411956,61.45,61.48
2025-12-15 02:18:07.643317,61.47,61.5
2025-12-15 02:18:51.450746,61.46,61.49
2025-12-15 02:18:53.605702,61.47,61.5
2025-12-15 02:18:59.708971,61.46,61.49
2025-12-15 02:19:18.789581,61.48,61.51
2025-12-15 02:19:23.211293,61.47,61.5
2025-12-15 02:19:33.774207,61.48,61.51
2025-12-15 02:19:37.745901,61.47,61.5
2025-12-15 02:19:41.306677,61.48,61.51
2025-12-15 02:20:13.174631,61.47,61.5
2025-12-15 02:20:36.557133,61.48,61.51
2025-12-15 02:20:59.956204,61.47,61.5
2025-12-15 02:21:15.925918,61.46,61.49
2025-12-15 02:21:48.977247,61.45,61.48
2025-12-15 02:22:16.579329,61.44,61.47
2025-12-15 02:22:29.478756,61.43,61.46
2025-12-15 02:22:30.270511,61.44,61.47
2025-12-15 02:22:57.726381,61.43,61.46
2025-12-15 02:23:07.543257,61.44,61.47
2025-12-15 02:23:16.103475,61.43,61.46
2025-12-15 02:23:26.542776,61.44,61.47
2025-12-15 02:23:33.209339,61.43,61.46
2025-12-15 02:24:13.415694,61.44,61.47
2025-12-15 02:25:22.209391,61.43,61.46
2025-12-15 02:26:47.202749,61.44,61.47
2025-12-15 02:27:52.205646,61.45,61.48
2025-12-15 02:27:53.445854,61.44,61.47
2025-12-15 02:30:39.652059,61.43,61.46
2025-12-15 02:31:15.710541,61.44,61.47
2025-12-15 02:32:05.049688,61.43,61.46
2025-12-15 02:32:11.620452,61.44,61.47
2025-12-15 02:32:23.686970,61.43,61.46
2025-12-15 02:32:28.202306,61.44,61.47
2025-12-15 02:34:09.880025,61.43,61.46
2025-12-15 02:34:22.808634,61.44,61.47
2025-12-15 02:34:28.244956,61.43,61.46
2025-12-15 02:34:28.995429,61.44,61.47
2025-12-15 02:34:29.543475,61.43,61.46
2025-12-15 02:35:03.434420,61.44,61.47
2025-12-15 02:35:04.887461,61.43,61.46
2025-12-15 02:35:07.097951,61.44,61.47
2025-12-15 02:35:14.426898,61.43,61.46
2025-12-15 02:35:15.181768,61.44,61.47
2025-12-15 02:35:42.659463,61.43,61.46
2025-12-15 02:36:05.145869,61.44,61.47
2025-12-15 02:36:07.566344,61.43,61.46
2025-12-15 02:36:39.712631,61.44,61.47
2025-12-15 02:36:41.231401,61.42,61.45
2025-12-15 02:36:50.690773,61.43,61.46
2025-12-15 02:40:27.009732,61.42,61.45
2025-12-15 02:40:36.785960,61.43,61.46
2025-12-15 02:41:50.047026,61.44,61.47
2025-12-15 02:43:03.726533,61.45,61.48
2025-12-15 02:44:06.449438,61.44,61.47
2025-12-15 02:44:40.403557,61.45,61.48
2025-12-15 02:44:48.041519,61.44,61.47
2025-12-15 02:44:51.840350,61.45,61.48
2025-12-15 02:45:00.152553,61.44,61.47
2025-12-15 02:45:00.738244,61.45,61.48
2025-12-15 02:45:16.614230,61.44,61.47
2025-12-15 02:47:51.652817,61.43,61.46
2025-12-15 02:47:56.040516,61.42,61.45
2025-12-15 02:48:50.257993,61.41,61.44
2025-12-15 02:49:28.831378,61.4,61.43
2025-12-15 02:49:29.109642,61.41,61.44
2025-12-15 02:49:43.576962,61.4,61.43
2025-12-15 02:49:46.421486,61.41,61.44
2025-12-15 02:50:13.516726,61.4,61.43
2025-12-15 02:50:14.231134,61.39,61.42
2025-12-15 02:50:14.460931,61.4,61.43
2025-12-15 02:50:35.336751,61.39,61.42
2025-12-15 02:51:00.724684,61.4,61.43
2025-12-15 02:51:43.812230,61.39,61.42
2025-12-15 02:52:36.716223,61.4,61.43
2025-12-15 02:52:49.053427,61.41,61.44
2025-12-15 02:54:49.663050,61.4,61.43
2025-12-15 02:54:58.423958,61.41,61.44
2025-12-15 02:55:49.424594,61.4,61.43
2025-12-15 02:55:58.421422,61.41,61.44
2025-12-15 02:56:17.779542,61.4,61.43
2025-12-15 02:56:19.230809,61.41,61.44
2025-12-15 02:56:19.896308,61.4,61.43
2025-12-15 02:57:15.522947,61.39,61.42
2025-12-15 03:00:42.612296,61.4,61.43
2025-12-15 03:02:01.862155,61.41,61.44
2025-12-15 03:02:16.907160,61.42,61.45
2025-12-15 03:02:59.884647,61.43,61.46
2025-12-15 03:03:27.105207,61.44,61.47
2025-12-15 03:04:02.119356,61.43,61.46
2025-12-15 03:04:02.342149,61.44,61.47
2025-12-15 03:04:39.067601,61.43,61.46
2025-12-15 03:04:45.166873,61.44,61.47
2025-12-15 03:05:06.696960,61.43,61.46
2025-12-15 03:06:41.358942,61.42,61.45
2025-12-15 03:06:52.720968,61.43,61.46
2025-12-15 03:07:15.716598,61.42,61.45
2025-12-15 03:07:16.323709,61.43,61.46
2025-12-15 03:07:16.738806,61.42,61.45
2025-12-15 03:07:23.410216,61.43,61.46
2025-12-15 03:07:35.799337,61.42,61.45
2025-12-15 03:07:51.313543,61.43,61.46
2025-12-15 03:08:44.209060,61.42,61.45
2025-12-15 03:08:57.969577,61.43,61.46
2025-12-15 03:08:59.980980,61.42,61.45
2025-12-15 03:09:55.954617,61.43,61.46
2025-12-15 03:10:34.281668,61.42,61.45
2025-12-15 03:10:50.560431,61.43,61.46
2025-12-15 03:10:51.403499,61.42,61.45
2025-12-15 03:12:50.902187,61.43,61.46
2025-12-15 03:15:02.151908,61.42,61.45
2025-12-15 03:15:35.475366,61.43,61.46
2025-12-15 03:16:59.466670,61.44,61.47
2025-12-15 03:17:31.678877,61.43,61.46
2025-12-15 03:17:44.961340,61.44,61.47
2025-12-15 03:18:28.814481,61.45,61.48
2025-12-15 03:18:33.201255,61.44,61.47
2025-12-15 03:18:35.261804,61.45,61.48
2025-12-15 03:20:01.139269,61.44,61.47
2025-12-15 03:20:02.737231,61.45,61.48
2025-12-15 03:20:03.090808,61.44,61.47
2025-12-15 03:20:11.473309,61.45,61.48
2025-12-15 03:20:19.852162,61.44,61.47
2025-12-15 03:20:20.411213,61.45,61.48
2025-12-15 03:21:03.620016,61.44,61.47
2025-12-15 03:21:06.891541,61.45,61.48
2025-12-15 03:22:09.967978,61.44,61.47
2025-12-15 03:26:42.750119,61.43,61.46
2025-12-15 03:27:53.483249,61.42,61.45
2025-12-15 03:28:02.264822,61.43,61.46
2025-12-15 03:28:07.014550,61.42,61.45
2025-12-15 03:28:07.236554,61.43,61.46
2025-12-15 03:28:39.631960,61.42,61.45
2025-12-15 03:28:41.286677,61.43,61.46
2025-12-15 03:28:52.863437,61.44,61.47
2025-12-15 03:28:57.486662,61.43,61.46
2025-12-15 03:29:45.307688,61.42,61.45
2025-12-15 03:29:50.991587,61.43,61.46
2025-12-15 03:30:12.572303,61.44,61.47
2025-12-15 03:34:42.823213,61.45,61.48
2025-12-15 03:37:01.096615,61.44,61.47
2025-12-15 03:37:20.033382,61.43,61.46
2025-12-15 03:42:32.937939,61.42,61.45
2025-12-15 03:42:33.286523,61.43,61.46
2025-12-15 03:42:44.889902,61.42,61.45
2025-12-15 03:43:38.782949,61.43,61.46
2025-12-15 03:44:06.234714,61.44,61.47
2025-12-15 03:45:00.108062,61.43,61.46
2025-12-15 03:45:09.656709,61.44,61.47
2025-12-15 03:47:29.594707,61.43,61.46
2025-12-15 03:48:25.274031,61.42,61.45
2025-12-15 03:49:12.427374,61.41,61.44
2025-12-15 03:51:28.347113,61.4,61.43
2025-12-15 03:53:08.616058,61.39,61.42
2025-12-15 03:53:11.389167,61.4,61.43
2025-12-15 03:53:12.865037,61.39,61.42
2025-12-15 03:53:14.332207,61.4,61.43
2025-12-15 03:53:19.842021,61.39,61.42
2025-12-15 03:53:59.674771,61.4,61.43
2025-12-15 03:54:35.585521,61.39,61.42
2025-12-15 03:55:03.914163,61.4,61.43
2025-12-15 03:57:56.709665,61.41,61.44
2025-12-15 03:59:30.587966,61.42,61.45
2025-12-15 04:01:26.794103,61.41,61.44
2025-12-15 04:01:32.168026,61.43,61.46
2025-12-15 04:02:46.117846,61.44,61.47
2025-12-15 04:03:24.903643,61.45,61.48
2025-12-15 04:03:30.758868,61.44,61.47
2025-12-15 04:06:17.833554,61.45,61.48
2025-12-15 04:08:03.522715,61.44,61.47
2025-12-15 04:08:07.130869,61.45,61.48
2025-12-15 04:10:59.735276,61.44,61.47
2025-12-15 04:12:00.416089,61.43,61.46
2025-12-15 04:13:40.753596,61.42,61.45
2025-12-15 04:14:30.613415,61.43,61.46
2025-12-15 04:14:33.574261,61.44,61.47
2025-12-15 04:14:34.531833,61.43,61.46
2025-12-15 04:14:46.429851,61.44,61.47
2025-12-15 04:18:00.067549,61.43,61.46
2025-12-15 04:19:38.282911,61.42,61.45
2025-12-15 04:19:39.039662,61.43,61.46
2025-12-15 04:19:39.415967,61.42,61.45
2025-12-15 04:19:40.171699,61.43,61.46
2025-12-15 04:20:12.639651,61.42,61.45
2025-12-15 04:20:13.126962,61.43,61.46
2025-12-15 04:22:35.351505,61.44,61.47
2025-12-15 04:29:33.410143,61.43,61.46
2025-12-15 04:30:57.934433,61.44,61.47
2025-12-15 04:32:41.145230,61.43,61.46
2025-12-15 04:33:17.174581,61.44,61.47
2025-12-15 04:33:47.819081,61.43,61.46
2025-12-15 04:33:48.576545,61.44,61.47
2025-12-15 04:35:22.963533,61.43,61.46
2025-12-15 04:36:02.094421,61.42,61.45
2025-12-15 04:36:51.055431,61.43,61.46
2025-12-15 04:37:30.475256,61.42,61.45
2025-12-15 04:38:17.321526,61.43,61.46
2025-12-15 04:40:45.082749,61.44,61.47
2025-12-15 04:40:46.838317,61.43,61.46
2025-12-15 04:40:49.158319,61.44,61.47
2025-12-15 04:40:59.691877,61.43,61.46
2025-12-15 04:42:03.317257,61.42,61.45
2025-12-15 04:43:21.100825,61.43,61.46
2025-12-15 04:43:21.406758,61.44,61.47
2025-12-15 04:44:20.503576,61.45,61.48
2025-12-15 04:44:31.156896,61.44,61.47
2025-12-15 04:44:35.786864,61.43,61.46
2025-12-15 04:46:22.678380,61.44,61.47
2025-12-15 04:46:38.455489,61.43,61.46
2025-12-15 04:46:53.661087,61.44,61.47
2025-12-15 04:51:40.409372,61.45,61.48
2025-12-15 04:51:59.503182,61.44,61.47
2025-12-15 04:52:05.892685,61.45,61.48
2025-12-15 04:52:11.783104,61.44,61.47
2025-12-15 04:57:51.045828,61.43,61.46
2025-12-15 05:03:20.366858,61.42,61.45
2025-12-15 05:03:29.328630,61.43,61.46
2025-12-15 05:04:22.653262,61.42,61.45
2025-12-15 05:05:14.390439,61.43,61.46
2025-12-15 05:07:09.394847,61.42,61.45
2025-12-15 05:07:33.134466,61.43,61.46
2025-12-15 05:11:31.249567,61.44,61.47
2025-12-15 05:11:43.296515,61.43,61.46
2025-12-15 05:15:00.252958,61.42,61.45
2025-12-15 05:15:01.000693,61.41,61.44
2025-12-15 05:16:13.597466,61.4,61.43
2025-12-15 05:17:07.095840,61.41,61.44
2025-12-15 05:17:23.163184,61.4,61.43
2025-12-15 05:18:59.331194,61.41,61.44
2025-12-15 05:19:30.682729,61.4,61.43
2025-12-15 05:19:44.917970,61.41,61.44
2025-12-15 05:20:14.077950,61.4,61.43
2025-12-15 05:20:15.809845,61.41,61.44
2025-12-15 05:21:04.039781,61.42,61.45
2025-12-15 05:21:04.610118,61.41,61.44
2025-12-15 05:21:06.757178,61.42,61.45
2025-12-15 05:23:03.976188,61.43,61.46
2025-12-15 05:24:28.618725,61.44,61.47
2025-12-15 05:25:25.305342,61.43,61.46
2025-12-15 05:26:07.047869,61.42,61.45
2025-12-15 05:27:16.505534,61.41,61.44
2025-12-15 05:29:24.296294,61.4,61.43
2025-12-15 05:29:25.566751,61.41,61.44
2025-12-15 05:29:59.454678,61.4,61.43
2025-12-15 05:30:00.290144,61.41,61.44
2025-12-15 05:30:00.661216,61.4,61.43
2025-12-15 05:30:00.892894,61.41,61.44
2025-12-15 05:30:07.788732,61.42,61.45
2025-12-15 05:30:08.036514,61.41,61.44
2025-12-15 05:30:32.348817,61.42,61.45
2025-12-15 05:30:52.839603,61.43,61.46
2025-12-15 05:30:54.198964,61.42,61.45
2025-12-15 05:30:55.888380,61.43,61.46
2025-12-15 05:30:56.682191,61.42,61.45
2025-12-15 05:30:59.003588,61.43,61.46
2025-12-15 05:31:22.034156,61.42,61.45
2025-12-15 05:31:32.300158,61.43,61.46
2025-12-15 05:31:47.137303,61.42,61.45
2025-12-15 05:31:50.172222,61.43,61.46
2025-12-15 05:32:54.159834,61.42,61.45
2025-12-15 05:32:55.780313,61.43,61.46
2025-12-15 05:32:59.647836,61.42,61.45
2025-12-15 05:33:08.649106,61.44,61.47
2025-12-15 05:33:35.760239,61.43,61.46
2025-12-15 05:34:02.037484,61.42,61.45
2025-12-15 05:34:38.099850,61.43,61.46
2025-12-15 05:35:01.203404,61.42,61.45
2025-12-15 05:35:03.734887,61.43,61.46
2025-12-15 05:35:10.503034,61.42,61.45
2025-12-15 05:35:11.994526,61.43,61.46
2025-12-15 05:35:52.699318,61.42,61.45
2025-12-15 05:35:56.669061,61.43,61.46
2025-12-15 05:36:32.111566,61.42,61.45
2025-12-15 05:36:32.857126,61.43,61.46
2025-12-15 05:36:43.235877,61.42,61.45
2025-12-15 05:38:00.194817,61.41,61.44
2025-12-15 05:38:28.585762,61.42,61.45
2025-12-15 05:39:00.774711,61.43,61.46
2025-12-15 05:40:35.513385,61.42,61.45
2025-12-15 05:41:46.344960,61.43,61.46
2025-12-15 05:42:08.568103,61.44,61.47
2025-12-15 05:42:16.517142,61.43,61.46
2025-12-15 05:42:25.108133,61.44,61.47
2025-12-15 05:42:25.853363,61.43,61.46
2025-12-15 05:42:26.872921,61.44,61.47
2025-12-15 05:43:45.519778,61.43,61.46
2025-12-15 05:43:46.925111,61.44,61.47
2025-12-15 05:43:48.967502,61.43,61.46
2025-12-15 05:43:49.830725,61.44,61.47
2025-12-15 05:43:53.014802,61.43,61.46
2025-12-15 05:43:54.867673,61.44,61.47
2025-12-15 05:46:50.619237,61.43,61.46
2025-12-15 05:46:52.479372,61.42,61.45
2025-12-15 05:46:53.183066,61.43,61.46
2025-12-15 05:47:13.468172,61.42,61.45
2025-12-15 05:50:01.400019,61.43,61.46
2025-12-15 05:50:11.233681,61.42,61.45
2025-12-15 05:50:26.282664,61.41,61.44
2025-12-15 05:50:31.688889,61.42,61.45
2025-12-15 05:51:07.692347,61.43,61.46
2025-12-15 05:51:20.281598,61.44,61.47
2025-12-15 05:51:29.216684,61.43,61.46
2025-12-15 05:52:05.018652,61.42,61.45
2025-12-15 05:52:19.369149,61.41,61.44
2025-12-15 05:52:20.356644,61.39,61.42
2025-12-15 05:52:20.647036,61.38,61.41
2025-12-15 05:53:02.159535,61.39,61.42
2025-12-15 05:53:07.879207,61.4,61.43
2025-12-15 05:53:43.362699,61.41,61.44
2025-12-15 05:53:50.433094,61.4,61.43
2025-12-15 05:54:57.291874,61.41,61.44
2025-12-15 05:55:57.560896,61.4,61.43
2025-12-15 05:55:58.834120,61.41,61.44
2025-12-15 05:55:59.627986,61.4,61.43
2025-12-15 05:56:00.801410,61.41,61.44
2025-12-15 05:56:22.002919,61.4,61.43
2025-12-15 05:56:22.757913,61.39,61.42
2025-12-15 05:56:23.308371,61.4,61.43
2025-12-15 05:57:41.599848,61.41,61.44
2025-12-15 05:57:42.362303,61.4,61.43
2025-12-15 05:57:43.867455,61.41,61.44
2025-12-15 05:57:49.731806,61.4,61.43
2025-12-15 05:57:51.141823,61.41,61.44
2025-12-15 05:57:51.826942,61.4,61.43
2025-12-15 05:57:52.571951,61.39,61.42
2025-12-15 05:58:42.633732,61.4,61.43
2025-12-15 05:58:44.770790,61.39,61.42
2025-12-15 05:58:45.531393,61.4,61.43
2025-12-15 05:58:47.714844,61.39,61.42
2025-12-15 05:59:29.072978,61.38,61.41
2025-12-15 05:59:30.903130,61.39,61.42
2025-12-15 05:59:31.406673,61.38,61.41
2025-12-15 06:00:06.536812,61.37,61.4
2025-12-15 06:00:22.628180,61.36,61.39
2025-12-15 06:00:24.047698,61.37,61.4
2025-12-15 06:00:53.888561,61.38,61.41
2025-12-15 06:01:19.944888,61.37,61.4
2025-12-15 06:02:06.883452,61.38,61.41
2025-12-15 06:02:45.285784,61.37,61.4
2025-12-15 06:02:49.005881,61.38,61.41
2025-12-15 06:03:25.367339,61.37,61.4
2025-12-15 06:04:18.588731,61.38,61.41
2025-12-15 06:05:01.150034,61.37,61.4
2025-12-15 06:05:03.265359,61.38,61.41
2025-12-15 06:05:33.677775,61.37,61.4
2025-12-15 06:05:56.517671,61.36,61.39
2025-12-15 06:06:00.660038,61.37,61.4
2025-12-15 06:06:29.204790,61.36,61.39
2025-12-15 06:06:45.514721,61.37,61.4
2025-12-15 06:06:46.800135,61.36,61.39
2025-12-15 06:07:25.887226,61.35,61.38
2025-12-15 06:07:34.142650,61.36,61.39
2025-12-15 06:07:46.137228,61.35,61.38
2025-12-15 06:07:56.426291,61.36,61.39
2025-12-15 06:08:01.216051,61.35,61.38
2025-12-15 06:08:02.192575,61.36,61.39
2025-12-15 06:08:20.672987,61.37,61.4
2025-12-15 06:08:26.060022,61.36,61.39
2025-12-15 06:08:26.773715,61.37,61.4
2025-12-15 06:08:38.905757,61.36,61.39
2025-12-15 06:12:07.931034,61.37,61.4
2025-12-15 06:12:38.375520,61.39,61.42
2025-12-15 06:12:39.138536,61.4,61.43
2025-12-15 06:12:46.174123,61.39,61.42
2025-12-15 06:13:07.396992,61.4,61.43
2025-12-15 06:13:19.530625,61.41,61.44
2025-12-15 06:13:20.010549,61.4,61.43
2025-12-15 06:13:52.056264,61.41,61.44
2025-12-15 06:13:52.806905,61.4,61.43
2025-12-15 06:14:01.151256,61.41,61.44
2025-12-15 06:14:52.520630,61.4,61.43
2025-12-15 06:15:45.091629,61.41,61.44
2025-12-15 06:16:00.321642,61.4,61.43
2025-12-15 06:16:02.811316,61.41,61.44
2025-12-15 06:16:06.772794,61.4,61.43
2025-12-15 06:16:12.467887,61.41,61.44
2025-12-15 06:16:21.372245,61.4,61.43
2025-12-15 06:16:31.443613,61.41,61.44
2025-12-15 06:17:52.527632,61.42,61.45
2025-12-15 06:17:58.564310,61.41,61.44
2025-12-15 06:18:18.702349,61.42,61.45
2025-12-15 06:18:20.188413,61.39,61.42
2025-12-15 06:18:31.289314,61.4,61.43
2025-12-15 06:19:31.524218,61.41,61.44
2025-12-15 06:19:36.366889,61.42,61.45
2025-12-15 06:19:41.679951,61.41,61.44
2025-12-15 06:19:43.024761,61.42,61.45
2025-12-15 06:20:17.203782,61.41,61.44
2025-12-15 06:20:19.012524,61.42,61.45
2025-12-15 06:20:20.027070,61.41,61.44
2025-12-15 06:20:21.362628,61.42,61.45
2025-12-15 06:20:24.227801,61.41,61.44
2025-12-15 06:20:24.782616,61.42,61.45
2025-12-15 06:20:37.450100,61.41,61.44
2025-12-15 06:21:01.680498,61.42,61.45
2025-12-15 06:21:21.364437,61.41,61.44
2025-12-15 06:21:23.053418,61.4,61.43
2025-12-15 06:22:00.235553,61.41,61.44
2025-12-15 06:22:34.746407,61.42,61.45
2025-12-15 06:22:43.171659,61.41,61.44
2025-12-15 06:22:48.937000,61.42,61.45
2025-12-15 06:23:01.917395,61.41,61.44
2025-12-15 06:23:05.544390,61.42,61.45
2025-12-15 06:23:12.632887,61.41,61.44
2025-12-15 06:23:14.674735,61.42,61.45
2025-12-15 06:23:37.614865,61.43,61.46
2025-12-15 06:23:38.600690,61.42,61.45
2025-12-15 06:23:41.872346,61.43,61.46
2025-12-15 06:23:42.934951,61.42,61.45
2025-12-15 06:23:48.059488,61.43,61.46
2025-12-15 06:24:04.583057,61.42,61.45
2025-12-15 06:24:15.044044,61.43,61.46
2025-12-15 06:24:28.280604,61.42,61.45
2025-12-15 06:25:10.054949,61.43,61.46
2025-12-15 06:25:26.814066,61.42,61.45
2025-12-15 06:25:33.072841,61.43,61.46
2025-12-15 06:26:06.237562,61.42,61.45
2025-12-15 06:26:08.966182,61.43,61.46
2025-12-15 06:26:32.636710,61.42,61.45
2025-12-15 06:26:34.800363,61.43,61.46
2025-12-15 06:26:38.643391,61.42,61.45
2025-12-15 06:26:41.376658,61.43,61.46
2025-12-15 06:26:53.599298,61.42,61.45
2025-12-15 06:27:04.940923,61.43,61.46
2025-12-15 06:27:23.600770,61.42,61.45
2025-12-15 06:27:31.305260,61.43,61.46
2025-12-15 06:28:02.405641,61.44,61.47
2025-12-15 06:28:17.780427,61.43,61.46
2025-12-15 06:28:19.052646,61.44,61.47
2025-12-15 06:28:36.161085,61.45,61.48
2025-12-15 06:28:40.601785,61.44,61.47
2025-12-15 06:28:40.953252,61.45,61.48
2025-12-15 06:28:48.268596,61.44,61.47
2025-12-15 06:30:02.149787,61.45,61.48
2025-12-15 06:30:23.678136,61.46,61.49
2025-12-15 06:30:27.704922,61.45,61.48
2025-12-15 06:30:29.840377,61.46,61.49
2025-12-15 06:30:30.375572,61.47,61.5
2025-12-15 06:30:37.963890,61.48,61.51
2025-12-15 06:30:47.934306,61.47,61.5
2025-12-15 06:30:48.465576,61.48,61.51
2025-12-15 06:30:50.972774,61.47,61.5
2025-12-15 06:30:52.174049,61.48,61.51
2025-12-15 06:30:52.380078,61.47,61.5
2025-12-15 06:31:57.655977,61.46,61.49
2025-12-15 06:32:28.506303,61.45,61.48
2025-12-15 06:32:46.069652,61.44,61.47
2025-12-15 06:32:47.516027,61.45,61.48
2025-12-15 06:33:14.733417,61.46,61.49
2025-12-15 06:33:21.619236,61.45,61.48
2025-12-15 06:33:57.733987,61.44,61.47
2025-12-15 06:34:03.361599,61.45,61.48
2025-12-15 06:34:13.397000,61.44,61.47
2025-12-15 06:34:13.971886,61.45,61.48
2025-12-15 06:34:22.740293,61.44,61.47
2025-12-15 06:34:45.751347,61.43,61.46
2025-12-15 06:34:57.109034,61.44,61.47
2025-12-15 06:35:14.552345,61.43,61.46
2025-12-15 06:35:17.555126,61.44,61.47
2025-12-15 06:35:28.765515,61.43,61.46
2025-12-15 06:36:15.000377,61.42,61.45
2025-12-15 06:36:44.525035,61.43,61.46
2025-12-15 06:36:47.397568,61.42,61.45
2025-12-15 06:37:02.960910,61.43,61.46
2025-12-15 06:37:19.373697,61.44,61.47
2025-12-15 06:38:12.161663,61.43,61.46
2025-12-15 06:38:13.174577,61.44,61.47
2025-12-15 06:38:14.845212,61.43,61.46
2025-12-15 06:38:15.603593,61.42,61.45
2025-12-15 06:38:22.178312,61.43,61.46
2025-12-15 06:39:16.814340,61.42,61.45
2025-12-15 06:39:37.306496,61.43,61.46
2025-12-15 06:39:38.247641,61.42,61.45
2025-12-15 06:39:46.418822,61.43,61.46
2025-12-15 06:39:59.889040,61.44,61.47
2025-12-15 06:40:10.003276,61.43,61.46
2025-12-15 06:40:14.308379,61.44,61.47
2025-12-15 06:40:15.262048,61.43,61.46
2025-12-15 06:41:08.736525,61.42,61.45
2025-12-15 06:41:17.493336,61.41,61.44
2025-12-15 06:41:18.238837,61.42,61.45
2025-12-15 06:42:25.375403,61.41,61.44
2025-12-15 06:42:26.776272,61.42,61.45
2025-12-15 06:42:29.482869,61.41,61.44
2025-12-15 06:42:30.224569,61.42,61.45
2025-12-15 06:43:24.014026,61.43,61.46
2025-12-15 06:43:32.309751,61.42,61.45
2025-12-15 06:43:33.811774,61.43,61.46
2025-12-15 06:44:22.305056,61.44,61.47
2025-12-15 06:44:24.958965,61.43,61.46
2025-12-15 06:44:26.453534,61.44,61.47
2025-12-15 06:44:31.005628,61.43,61.46
2025-12-15 06:44:31.764560,61.44,61.47
2025-12-15 06:44:55.558023,61.45,61.48
2025-12-15 06:45:00.098632,61.44,61.47
2025-12-15 06:45:04.312361,61.43,61.46
2025-12-15 06:45:10.922562,61.44,61.47
2025-12-15 06:45:25.515202,61.43,61.46
2025-12-15 06:45:33.808902,61.42,61.45
2025-12-15 06:45:54.279922,61.43,61.46
2025-12-15 06:45:55.019516,61.42,61.45
2025-12-15 06:46:04.356102,61.43,61.46
2025-12-15 06:46:21.377000,61.42,61.45
2025-12-15 06:46:21.737232,61.43,61.46
2025-12-15 06:46:23.127916,61.42,61.45
2025-12-15 06:46:24.837567,61.43,61.46
2025-12-15 06:46:27.040720,61.42,61.45
2025-12-15 06:46:59.424066,61.41,61.44
2025-12-15 06:47:03.953270,61.4,61.43
2025-12-15 06:47:11.276767,61.41,61.44
2025-12-15 06:47:36.162862,61.4,61.43
2025-12-15 06:47:39.596362,61.41,61.44
2025-12-15 06:47:44.656432,61.42,61.45
2025-12-15 06:47:54.004402,61.41,61.44
2025-12-15 06:47:55.167251,61.42,61.45
2025-12-15 06:48:29.545090,61.41,61.44
2025-12-15 06:48:30.214591,61.42,61.45
2025-12-15 06:48:40.140344,61.41,61.44
2025-12-15 06:48:41.427916,61.42,61.45
2025-12-15 06:48:41.909610,61.41,61.44
2025-12-15 06:48:43.567556,61.42,61.45
2025-12-15 06:48:44.282121,61.41,61.44
2025-12-15 06:48:45.848802,61.42,61.45
2025-12-15 06:48:46.594041,61.41,61.44
2025-12-15 06:48:47.914786,61.42,61.45
2025-12-15 06:48:48.197605,61.41,61.44
2025-12-15 06:48:52.195235,61.42,61.45
2025-12-15 06:49:41.740091,61.41,61.44
2025-12-15 06:50:37.458200,61.4,61.43
2025-12-15 06:50:39.102652,61.41,61.44
2025-12-15 06:51:00.272194,61.4,61.43
2025-12-15 06:51:22.771133,61.39,61.42
2025-12-15 06:51:23.691560,61.4,61.43
2025-12-15 06:51:25.869533,61.39,61.42
2025-12-15 06:51:32.131218,61.4,61.43
2025-12-15 06:51:46.055087,61.39,61.42
2025-12-15 06:52:08.793874,61.4,61.43
2025-12-15 06:52:09.009963,61.39,61.42
2025-12-15 06:52:09.753612,61.4,61.43
2025-12-15 06:52:39.283130,61.39,61.42
2025-12-15 06:52:47.587202,61.4,61.43
2025-12-15 06:52:48.046959,61.39,61.42
2025-12-15 06:52:52.277964,61.4,61.43
2025-12-15 06:52:53.023949,61.39,61.42
2025-12-15 06:53:19.598352,61.4,61.43
2025-12-15 06:53:45.008039,61.39,61.42
2025-12-15 06:53:57.781935,61.4,61.43
2025-12-15 06:53:58.523920,61.39,61.42
2025-12-15 06:54:31.576509,61.38,61.41
2025-12-15 06:54:51.522200,61.39,61.42
2025-12-15 06:55:10.215764,61.38,61.41
2025-12-15 06:55:12.014898,61.39,61.42
2025-12-15 06:55:12.407080,61.38,61.41
2025-12-15 06:55:16.788599,61.39,61.42
2025-12-15 06:55:58.155965,61.4,61.43
2025-12-15 06:55:58.578406,61.39,61.42
2025-12-15 06:56:08.666923,61.4,61.43
2025-12-15 06:56:53.381757,61.41,61.44
2025-12-15 06:57:04.521392,61.4,61.43
2025-12-15 06:58:25.440405,61.39,61.42
2025-12-15 06:58:26.198969,61.4,61.43
2025-12-15 06:58:27.295579,61.39,61.42
2025-12-15 06:58:27.940852,61.4,61.43
2025-12-15 06:58:28.692687,61.39,61.42
2025-12-15 06:58:31.364598,61.4,61.43
2025-12-15 06:58:37.647116,61.39,61.42
2025-12-15 06:58:39.896369,61.4,61.43
2025-12-15 06:58:40.548463,61.39,61.42
2025-12-15 06:58:41.204877,61.4,61.43
2025-12-15 06:58:42.998637,61.39,61.42
2025-12-15 06:58:45.715898,61.4,61.43
2025-12-15 06:58:47.330031,61.39,61.42
2025-12-15 06:58:50.631780,61.4,61.43
2025-12-15 06:58:51.377820,61.39,61.42
2025-12-15 06:58:52.130708,61.4,61.43
2025-12-15 06:59:28.502779,61.39,61.42
2025-12-15 06:59:29.660854,61.4,61.43
2025-12-15 06:59:52.229973,61.39,61.42
2025-12-15 06:59:54.492978,61.4,61.43
2025-12-15 06:59:58.622496,61.39,61.42
2025-12-15 06:59:59.442806,61.4,61.43
2025-12-15 07:00:05.589542,61.41,61.44
2025-12-15 07:00:11.138538,61.41,61.45
2025-12-15 07:00:12.141632,61.41,61.46
2025-12-15 07:00:15.337522,61.42,61.46
2025-12-15 07:00:31.945158,61.42,61.47
2025-12-15 07:00:33.737110,61.43,61.47
2025-12-15 07:00:34.210504,61.43,61.48
2025-12-15 07:00:35.352784,61.44,61.48
2025-12-15 07:00:40.833796,61.43,61.48
2025-12-15 07:00:42.062100,61.44,61.47
2025-12-15 07:00:47.574595,61.43,61.47
2025-12-15 07:00:59.767483,61.44,61.48
2025-12-15 07:01:03.160770,61.45,61.49
2025-12-15 07:01:30.887687,61.44,61.49
2025-12-15 07:01:33.263992,61.45,61.49
2025-12-15 07:01:34.462382,61.44,61.48
2025-12-15 07:01:52.798634,61.44,61.49
2025-12-15 07:02:06.199690,61.45,61.49
2025-12-15 07:02:12.728422,61.46,61.49
2025-12-15 07:02:15.731931,61.45,61.5
2025-12-15 07:02:17.728446,61.45,61.48
2025-12-15 07:02:20.922544,61.45,61.49
2025-12-15 07:02:21.491771,61.46,61.5
2025-12-15 07:02:25.181518,61.45,61.5
2025-12-15 07:02:41.024450,61.45,61.49
2025-12-15 07:02:47.078317,61.43,61.48
2025-12-15 07:02:48.576721,61.44,61.48
2025-12-15 07:02:51.483538,61.43,61.47
2025-12-15 07:03:00.608800,61.43,61.48
2025-12-15 07:03:01.741785,61.43,61.47
2025-12-15 07:03:30.943307,61.42,61.46
2025-12-15 07:03:33.908829,61.43,61.46
2025-12-15 07:03:35.264521,61.44,61.48
2025-12-15 07:04:48.739120,61.43,61.48
2025-12-15 07:04:52.269033,61.42,61.47
2025-12-15 07:05:18.924552,61.41,61.45
2025-12-15 07:05:23.155830,61.42,61.47
2025-12-15 07:05:24.298490,61.43,61.48
2025-12-15 07:05:28.743559,61.43,61.46
2025-12-15 07:05:34.236527,61.42,61.47
2025-12-15 07:05:34.976346,61.42,61.46
2025-12-15 07:06:21.592928,61.42,61.47
2025-12-15 07:06:35.676686,61.42,61.45
2025-12-15 07:06:36.450192,61.43,61.46
2025-12-15 07:06:37.513832,61.43,61.48
2025-12-15 07:06:42.026712,61.43,61.47
2025-12-15 07:06:44.417388,61.43,61.48
2025-12-15 07:06:51.374418,61.44,61.48
2025-12-15 07:07:00.153303,61.43,61.47
2025-12-15 07:07:15.203108,61.43,61.48
2025-12-15 07:07:16.226155,61.44,61.48
2025-12-15 07:07:16.591349,61.43,61.47
2025-12-15 07:07:26.537536,61.43,61.48
2025-12-15 07:07:32.189984,61.43,61.47
2025-12-15 07:07:39.593962,61.42,61.46
2025-12-15 07:07:53.262920,61.42,61.45
2025-12-15 07:08:35.399044,61.41,61.45
2025-12-15 07:08:43.587273,61.4,61.45
2025-12-15 07:08:43.973483,61.4,61.44
2025-12-15 07:08:47.691499,61.41,61.45
2025-12-15 07:09:05.917498,61.41,61.44
2025-12-15 07:09:07.170490,61.41,61.45
2025-12-15 07:09:09.641241,61.42,61.45
2025-12-15 07:09:19.263653,61.41,61.46
2025-12-15 07:09:21.504270,61.41,61.45
2025-12-15 07:09:22.262327,61.41,61.46
2025-12-15 07:09:25.045777,61.42,61.45
2025-12-15 07:09:46.964375,61.42,61.47
2025-12-15 07:09:51.392723,61.43,61.47
2025-12-15 07:09:52.721077,61.44,61.48
2025-12-15 07:09:57.371823,61.43,61.47
2025-12-15 07:09:58.540095,61.43,61.46
2025-12-15 07:10:01.680568,61.43,61.47
2025-12-15 07:10:06.152403,61.44,61.48
2025-12-15 07:10:11.472149,61.43,61.47
2025-12-15 07:10:19.403795,61.44,61.48
2025-12-15 07:10:23.223656,61.43,61.47
2025-12-15 07:10:29.717278,61.43,61.46
2025-12-15 07:10:31.418174,61.43,61.47
2025-12-15 07:10:32.788131,61.44,61.48
2025-12-15 07:10:37.253667,61.43,61.47
2025-12-15 07:10:59.884308,61.42,61.46
2025-12-15 07:11:00.290111,61.41,61.46
2025-12-15 07:11:14.320919,61.4,61.44
2025-12-15 07:11:19.381415,61.41,61.45
2025-12-15 07:11:26.206480,61.4,61.44
2025-12-15 07:11:32.453441,61.4,61.45
2025-12-15 07:11:37.969906,61.41,61.45
2025-12-15 07:11:44.849346,61.39,61.44
2025-12-15 07:12:03.879555,61.39,61.43
2025-12-15 07:12:32.269365,61.39,61.42
2025-12-15 07:12:36.459781,61.38,61.43
2025-12-15 07:12:38.860766,61.38,61.41
2025-12-15 07:12:41.199612,61.38,61.42
2025-12-15 07:12:53.087751,61.39,61.42
2025-12-15 07:13:12.781726,61.38,61.42
2025-12-15 07:13:15.646364,61.38,61.41
2025-12-15 07:14:21.767807,61.38,61.43
2025-12-15 07:14:30.588643,61.39,61.42
2025-12-15 07:14:50.411103,61.39,61.43
2025-12-15 07:14:53.977736,61.4,61.43
2025-12-15 07:15:11.882281,61.39,61.44
2025-12-15 07:15:24.814868,61.4,61.44
2025-12-15 07:15:43.508122,61.41,61.45
2025-12-15 07:15:45.791948,61.41,61.46
2025-12-15 07:15:49.939638,61.42,61.47
2025-12-15 07:15:52.445934,61.43,61.48
2025-12-15 07:16:19.687942,61.42,61.46
2025-12-15 07:16:26.462747,61.41,61.46
2025-12-15 07:16:27.503472,61.42,61.46
2025-12-15 07:16:40.719877,61.41,61.46
2025-12-15 07:16:42.766500,61.42,61.47
2025-12-15 07:16:49.558093,61.43,61.46
2025-12-15 07:16:52.016587,61.44,61.48
2025-12-15 07:17:33.504930,61.43,61.47
2025-12-15 07:18:04.145800,61.42,61.46
2025-12-15 07:18:06.238533,61.42,61.45
2025-12-15 07:19:00.545149,61.41,61.46
2025-12-15 07:19:03.494853,61.42,61.45
2025-12-15 07:19:04.106701,61.41,61.46
2025-12-15 07:19:11.327259,61.42,61.45
2025-12-15 07:19:14.421834,61.41,61.46
2025-12-15 07:19:17.250496,61.42,61.46
2025-12-15 07:19:18.006262,61.41,61.46
2025-12-15 07:19:18.961045,61.42,61.46
2025-12-15 07:19:32.412048,61.41,61.46
2025-12-15 07:19:34.472844,61.41,61.44
2025-12-15 07:19:50.528344,61.41,61.45
2025-12-15 07:21:38.208212,61.4,61.44
2025-12-15 07:21:38.965165,61.39,61.43
2025-12-15 07:22:10.990338,61.38,61.42
2025-12-15 07:22:43.875460,61.4,61.45
2025-12-15 07:22:47.009756,61.4,61.44
2025-12-15 07:23:28.690837,61.4,61.45
2025-12-15 07:23:33.924640,61.42,61.45
2025-12-15 07:23:40.643495,61.41,61.45
2025-12-15 07:24:02.901346,61.41,61.44
2025-12-15 07:25:09.398606,61.4,61.44
2025-12-15 07:25:19.781463,61.41,61.44
2025-12-15 07:25:20.808801,61.4,61.44
2025-12-15 07:26:20.001430,61.41,61.45
2025-12-15 07:26:42.413751,61.41,61.46
2025-12-15 07:27:02.764541,61.4,61.44
2025-12-15 07:27:12.860163,61.41,61.44
2025-12-15 07:27:15.212486,61.4,61.43
2025-12-15 07:27:15.966748,61.36,61.4
2025-12-15 07:27:19.838633,61.37,61.41
2025-12-15 07:27:24.906507,61.37,61.4
2025-12-15 07:27:25.759201,61.36,61.41
2025-12-15 07:27:26.770236,61.37,61.41
2025-12-15 07:27:38.263607,61.36,61.41
2025-12-15 07:27:45.184452,61.37,61.41
2025-12-15 07:28:09.808801,61.38,61.43
2025-12-15 07:28:15.749363,61.39,61.42
2025-12-15 07:28:21.353476,61.38,61.42
2025-12-15 07:28:56.099485,61.39,61.43
2025-12-15 07:29:01.073464,61.39,61.42
2025-12-15 07:29:04.336803,61.39,61.43
2025-12-15 07:29:23.603814,61.38,61.42
2025-12-15 07:29:40.965977,61.39,61.43
2025-12-15 07:29:46.786019,61.38,61.43
2025-12-15 07:30:13.056502,61.39,61.44
2025-12-15 07:30:24.564039,61.41,61.45
2025-12-15 07:31:09.767001,61.4,61.44
2025-12-15 07:31:24.891488,61.39,61.43
2025-12-15 07:31:33.057470,61.4,61.43
2025-12-15 07:31:34.377741,61.39,61.44
2025-12-15 07:31:48.758173,61.4,61.43
2025-12-15 07:31:55.924761,61.41,61.45
2025-12-15 07:32:09.329176,61.4,61.45
2025-12-15 07:32:12.756979,61.41,61.44
2025-12-15 07:32:18.415912,61.41,61.45
2025-12-15 07:32:52.586453,61.41,61.44
2025-12-15 07:33:56.450524,61.4,61.44
2025-12-15 07:34:09.890280,61.39,61.44
2025-12-15 07:34:13.428029,61.39,61.43
2025-12-15 07:34:39.476632,61.4,61.43
2025-12-15 07:34:53.990505,61.4,61.45
2025-12-15 07:35:04.686011,61.41,61.45
2025-12-15 07:36:00.348279,61.4,61.45
2025-12-15 07:36:06.939052,61.4,61.43
2025-12-15 07:36:18.907458,61.4,61.45
2025-12-15 07:36:29.836717,61.4,61.44
2025-12-15 07:36:30.637071,61.41,61.44
2025-12-15 07:36:41.899396,61.41,61.45
2025-12-15 07:36:53.409769,61.41,61.46
2025-12-15 07:37:20.945880,61.41,61.45
2025-12-15 07:37:49.320545,61.4,61.44
2025-12-15 07:38:33.604535,61.38,61.42
2025-12-15 07:38:34.355871,61.39,61.42
2025-12-15 07:38:34.954316,61.38,61.42
2025-12-15 07:38:36.455252,61.39,61.43
2025-12-15 07:38:43.265092,61.4,61.45
2025-12-15 07:38:51.261728,61.4,61.44
2025-12-15 07:39:00.171366,61.4,61.43
2025-12-15 07:39:05.962105,61.39,61.42
2025-12-15 07:39:06.586993,61.39,61.43
2025-12-15 07:39:07.737136,61.4,61.43
2025-12-15 07:39:08.742663,61.39,61.44
2025-12-15 07:39:10.361916,61.4,61.44
2025-12-15 07:39:22.829947,61.39,61.43
2025-12-15 07:39:59.422781,61.4,61.44
2025-12-15 07:40:12.061907,61.39,61.44
2025-12-15 07:40:18.854803,61.4,61.43
2025-12-15 07:40:46.151462,61.4,61.45
2025-12-15 07:40:59.907097,61.39,61.44
2025-12-15 07:41:00.975739,61.39,61.42
2025-12-15 07:42:21.807024,61.39,61.43
2025-12-15 07:42:23.096266,61.4,61.43
2025-12-15 07:42:38.209944,61.39,61.43
2025-12-15 07:42:57.124448,61.4,61.43
2025-12-15 07:43:08.114818,61.4,61.44
2025-12-15 07:43:44.644194,61.4,61.45
2025-12-15 07:43:45.398659,61.4,61.43
2025-12-15 07:43:53.164684,61.4,61.44
2025-12-15 07:43:56.675470,61.4,61.43
2025-12-15 07:44:11.394265,61.4,61.45
2025-12-15 07:44:31.487203,61.41,61.45
2025-12-15 07:45:23.355073,61.42,61.46
2025-12-15 07:45:37.191101,61.42,61.45
2025-12-15 07:45:42.383337,61.42,61.46
2025-12-15 07:45:46.072940,61.42,61.47
2025-12-15 07:45:46.395757,61.43,61.46
2025-12-15 07:45:57.586445,61.42,61.45
2025-12-15 07:45:59.491391,61.42,61.46
2025-12-15 07:46:00.634873,61.42,61.45
2025-12-15 07:46:05.614080,61.42,61.46
2025-12-15 07:46:52.513240,61.42,61.47
2025-12-15 07:46:59.413901,61.42,61.46
2025-12-15 07:47:01.916873,61.42,61.47
2025-12-15 07:47:11.088224,61.42,61.45
2025-12-15 07:47:11.844576,61.42,61.47
2025-12-15 07:47:17.337441,61.43,61.47
2025-12-15 07:47:22.509574,61.42,61.47
2025-12-15 07:47:32.821256,61.42,61.45
2025-12-15 07:47:39.443575,61.42,61.47
2025-12-15 07:47:59.776400,61.42,61.45
2025-12-15 07:48:07.403445,61.41,61.45
2025-12-15 07:48:10.322517,61.41,61.44
2025-12-15 07:48:26.724995,61.4,61.45
2025-12-15 07:48:31.847699,61.41,61.45
2025-12-15 07:48:57.774916,61.42,61.45
2025-12-15 07:49:09.388026,61.41,61.45
2025-12-15 07:49:21.809936,61.45,61.49
2025-12-15 07:49:23.424335,61.44,61.48
2025-12-15 07:49:29.912465,61.43,61.48
2025-12-15 07:49:35.320900,61.42,61.47
2025-12-15 07:50:00.352005,61.41,61.45
2025-12-15 07:50:03.944823,61.42,61.46
2025-12-15 07:50:17.292692,61.42,61.45
2025-12-15 07:51:05.392055,61.42,61.46
2025-12-15 07:51:24.843994,61.43,61.47
2025-12-15 07:51:44.069038,61.43,61.48
2025-12-15 07:52:06.985886,61.43,61.46
2025-12-15 07:52:08.551354,61.43,61.48
2025-12-15 07:52:16.463729,61.43,61.46
2025-12-15 07:52:17.114647,61.43,61.47
2025-12-15 07:52:27.141457,61.43,61.46
2025-12-15 07:52:27.768006,61.43,61.47
2025-12-15 07:52:46.061600,61.43,61.46
2025-12-15 07:52:48.602074,61.43,61.48
2025-12-15 07:52:51.058886,61.43,61.47
2025-12-15 07:53:01.717346,61.42,61.46
2025-12-15 07:53:08.937108,61.43,61.46
2025-12-15 07:53:23.089705,61.43,61.47
2025-12-15 07:53:23.747894,61.43,61.48
2025-12-15 07:53:38.840703,61.43,61.47
2025-12-15 07:53:45.570898,61.42,61.47
2025-12-15 07:53:46.635664,61.42,61.45
2025-12-15 07:53:50.900021,61.42,61.47
2025-12-15 07:54:06.953455,61.43,61.47
2025-12-15 07:55:13.028620,61.43,61.46
2025-12-15 07:55:21.803404,61.42,61.45
2025-12-15 07:55:29.941667,61.41,61.45
2025-12-15 07:55:31.791282,61.39,61.43
2025-12-15 07:55:47.794480,61.4,61.43
2025-12-15 07:55:53.410789,61.39,61.44
2025-12-15 07:55:54.989006,61.4,61.43
2025-12-15 07:55:59.363567,61.39,61.44
2025-12-15 07:56:00.211284,61.39,61.42
2025-12-15 07:56:14.466826,61.39,61.43
2025-12-15 07:56:20.187821,61.4,61.43
2025-12-15 07:56:58.365116,61.4,61.44
2025-12-15 07:57:03.583480,61.39,61.43
2025-12-15 07:57:05.767975,61.39,61.42
2025-12-15 07:57:07.160174,61.39,61.44
2025-12-15 07:57:11.601772,61.4,61.44
2025-12-15 07:57:15.318415,61.39,61.43
2025-12-15 07:57:45.285960,61.38,61.42
2025-12-15 07:57:46.809292,61.37,61.42
2025-12-15 07:57:47.559925,61.37,61.41
2025-12-15 07:57:59.116603,61.36,61.4
2025-12-15 07:57:59.496401,61.35,61.4
2025-12-15 07:57:59.647187,61.35,61.38
2025-12-15 07:58:00.457812,61.35,61.39
2025-12-15 07:58:06.205921,61.35,61.38
2025-12-15 07:58:09.037406,61.36,61.39
2025-12-15 07:58:09.164417,61.35,61.4
2025-12-15 07:58:09.935866,61.35,61.39
2025-12-15 07:58:21.058553,61.34,61.38
2025-12-15 07:58:23.215127,61.33,61.38
2025-12-15 07:58:23.958153,61.32,61.35
2025-12-15 07:58:27.996102,61.32,61.36
2025-12-15 07:58:36.459316,61.33,61.37
2025-12-15 07:58:47.765154,61.33,61.36
2025-12-15 07:58:48.744324,61.32,61.35
2025-12-15 07:58:51.044144,61.32,61.36
2025-12-15 07:58:56.492559,61.32,61.37
2025-12-15 07:58:58.100057,61.33,61.37
2025-12-15 07:59:02.059960,61.33,61.38
2025-12-15 07:59:03.447890,61.33,61.36
2025-12-15 07:59:04.879467,61.33,61.38
2025-12-15 07:59:08.372870,61.33,61.36
2025-12-15 07:59:10.517367,61.33,61.38
2025-12-15 07:59:10.763766,61.33,61.37
2025-12-15 07:59:12.629219,61.32,61.38
2025-12-15 07:59:13.385148,61.31,61.35
2025-12-15 07:59:15.129496,61.32,61.36
2025-12-15 07:59:16.889392,61.31,61.35
2025-12-15 07:59:18.437162,61.31,61.34
2025-12-15 07:59:18.884391,61.32,61.35
2025-12-15 07:59:22.532105,61.31,61.36
2025-12-15 07:59:24.428332,61.32,61.35
2025-12-15 07:59:26.198642,61.32,61.37
2025-12-15 07:59:37.040040,61.32,61.35
2025-12-15 07:59:40.503200,61.32,61.36
2025-12-15 07:59:41.208734,61.33,61.36
2025-12-15 07:59:42.109820,61.32,61.36
2025-12-15 07:59:42.334134,61.32,61.37
2025-12-15 07:59:46.434638,61.33,61.37
2025-12-15 07:59:46.756844,61.33,61.36
2025-12-15 07:59:54.798536,61.33,61.38
2025-12-15 07:59:59.207473,61.34,61.37
2025-12-15 07:59:59.661641,61.34,61.39
2025-12-15 08:00:01.086289,61.34,61.37
2025-12-15 08:00:02.173707,61.33,61.38
2025-12-15 08:00:02.975614,61.34,61.37
2025-12-15 08:00:04.273670,61.34,61.38
2025-12-15 08:00:05.261696,61.34,61.37
2025-12-15 08:00:10.552577,61.33,61.37
2025-12-15 08:00:11.742037,61.34,61.37
2025-12-15 08:00:24.558901,61.33,61.37
2025-12-15 08:00:31.148777,61.34,61.38
2025-12-15 08:00:33.130133,61.35,61.39
2025-12-15 08:00:36.658676,61.34,61.38
2025-12-15 08:00:40.829299,61.35,61.38
2025-12-15 08:00:41.402631,61.35,61.39
2025-12-15 08:00:41.806680,61.35,61.38
2025-12-15 08:00:42.102718,61.34,61.38
2025-12-15 08:00:42.312984,61.35,61.38
2025-12-15 08:00:42.933214,61.34,61.38
2025-12-15 08:00:47.177422,61.35,61.38
2025-12-15 08:00:54.726368,61.33,61.37
2025-12-15 08:01:00.653139,61.34,61.38
2025-12-15 08:01:01.022368,61.34,61.37
2025-12-15 08:01:03.226881,61.34,61.39
2025-12-15 08:01:05.059324,61.35,61.39
2025-12-15 08:01:08.513731,61.36,61.41
2025-12-15 08:01:09.688717,61.37,61.4
2025-12-15 08:01:14.982115,61.37,61.41
2025-12-15 08:01:15.502997,61.38,61.42
2025-12-15 08:01:18.417097,61.39,61.43
2025-12-15 08:01:20.736777,61.39,61.42
2025-12-15 08:01:21.090435,61.38,61.42
2025-12-15 08:01:27.516814,61.36,61.39
2025-12-15 08:01:39.765262,61.35,61.38
2025-12-15 08:01:55.163940,61.34,61.38
2025-12-15 08:02:03.620910,61.35,61.38
2025-12-15 08:02:20.295796,61.34,61.38
2025-12-15 08:02:22.706616,61.33,61.37
2025-12-15 08:02:36.066016,61.33,61.36
2025-12-15 08:03:20.209714,61.34,61.38
2025-12-15 08:03:34.057816,61.33,61.36
2025-12-15 08:03:35.313702,61.31,61.36
2025-12-15 08:03:35.548398,61.32,61.36
2025-12-15 08:03:35.970851,61.33,61.36
2025-12-15 08:03:36.236529,61.33,61.38
2025-12-15 08:03:36.843932,61.34,61.37
2025-12-15 08:03:37.022430,61.33,61.37
2025-12-15 08:03:37.534703,61.33,61.36
2025-12-15 08:03:41.905041,61.33,61.37
2025-12-15 08:03:47.308399,61.31,61.36
2025-12-15 08:03:49.943621,61.31,61.34
2025-12-15 08:03:56.973886,61.32,61.37
2025-12-15 08:04:06.738688,61.33,61.38
2025-12-15 08:04:10.444724,61.33,61.37
2025-12-15 08:04:48.037916,61.31,61.35
2025-12-15 08:04:55.039303,61.31,61.34
2025-12-15 08:04:57.458908,61.31,61.35
2025-12-15 08:04:59.774835,61.32,61.35
2025-12-15 08:05:09.926371,61.31,61.36
2025-12-15 08:05:11.026514,61.31,61.35
2025-12-15 08:05:13.616174,61.3,61.35
2025-12-15 08:05:14.258337,61.3,61.34
2025-12-15 08:05:17.131726,61.3,61.35
2025-12-15 08:05:21.696289,61.29,61.34
2025-12-15 08:05:22.994527,61.29,61.33
2025-12-15 08:05:23.366760,61.29,61.34
2025-12-15 08:05:24.938695,61.3,61.33
2025-12-15 08:05:26.148566,61.29,61.33
2025-12-15 08:05:33.328381,61.3,61.33
2025-12-15 08:05:45.340307,61.29,61.34
2025-12-15 08:05:46.963425,61.3,61.34
2025-12-15 08:05:58.754758,61.31,61.35
2025-12-15 08:05:59.561560,61.31,61.36
2025-12-15 08:06:00.886231,61.31,61.35
2025-12-15 08:06:02.573341,61.31,61.36
2025-12-15 08:06:36.773755,61.32,61.37
2025-12-15 08:06:45.083834,61.32,61.36
2025-12-15 08:07:30.169059,61.31,61.36
2025-12-15 08:07:39.523978,61.31,61.35
2025-12-15 08:07:40.757638,61.32,61.37
2025-12-15 08:07:50.114772,61.33,61.37
2025-12-15 08:07:59.741562,61.32,61.36
2025-12-15 08:08:04.483948,61.31,61.36
2025-12-15 08:08:06.610004,61.32,61.35
2025-12-15 08:08:07.635835,61.31,61.35
2025-12-15 08:08:07.887408,61.32,61.35
2025-12-15 08:08:39.365538,61.31,61.36
2025-12-15 08:09:04.333077,61.32,61.35
2025-12-15 08:09:06.423007,61.31,61.35
2025-12-15 08:09:12.883484,61.32,61.37
2025-12-15 08:09:15.682261,61.32,61.36
2025-12-15 08:09:16.407568,61.31,61.35
2025-12-15 08:09:17.426531,61.31,61.36
2025-12-15 08:09:20.451156,61.32,61.35
2025-12-15 08:09:22.803971,61.31,61.35
2025-12-15 08:09:30.751988,61.3,61.35
2025-12-15 08:09:31.849531,61.3,61.34
2025-12-15 08:09:33.211918,61.3,61.35
2025-12-15 08:09:34.135529,61.31,61.34
2025-12-15 08:09:35.406055,61.3,61.34
2025-12-15 08:09:39.573276,61.3,61.33
2025-12-15 08:09:44.305105,61.3,61.35
2025-12-15 08:09:46.102841,61.31,61.35
2025-12-15 08:09:52.107058,61.31,61.34
2025-12-15 08:09:54.659567,61.31,61.35
2025-12-15 08:09:54.890418,61.32,61.35
2025-12-15 08:10:00.478181,61.31,61.36
2025-12-15 08:10:01.004581,61.31,61.35
2025-12-15 08:10:05.391667,61.3,61.35
2025-12-15 08:10:05.592655,61.31,61.35
2025-12-15 08:10:21.081205,61.3,61.35
2025-12-15 08:10:23.020715,61.31,61.35
2025-12-15 08:10:41.033426,61.3,61.35
2025-12-15 08:10:41.885825,61.3,61.34
2025-12-15 08:10:43.996826,61.28,61.32
2025-12-15 08:10:45.772534,61.29,61.32
2025-12-15 08:10:48.817916,61.28,61.32
2025-12-15 08:10:49.744702,61.25,61.28
2025-12-15 08:10:50.210231,61.25,61.29
2025-12-15 08:10:50.521880,61.26,61.29
2025-12-15 08:10:55.922568,61.24,61.29
2025-12-15 08:10:57.543536,61.25,61.28
2025-12-15 08:10:59.678275,61.24,61.29
2025-12-15 08:10:59.853011,61.25,61.28
2025-12-15 08:11:09.017981,61.25,61.29
2025-12-15 08:11:09.313982,61.26,61.3
2025-12-15 08:11:10.092531,61.27,61.31
2025-12-15 08:11:12.337730,61.26,61.31
2025-12-15 08:11:13.675935,61.27,61.3
2025-12-15 08:11:18.983717,61.26,61.3
2025-12-15 08:11:29.238647,61.27,61.32
2025-12-15 08:11:29.712633,61.27,61.3
2025-12-15 08:11:34.418476,61.28,61.31
2025-12-15 08:11:35.311021,61.29,61.32
2025-12-15 08:11:37.916445,61.28,61.33
2025-12-15 08:11:41.084869,61.28,61.32
2025-12-15 08:11:43.972426,61.29,61.32
2025-12-15 08:11:45.447263,61.28,61.33
2025-12-15 08:11:48.188204,61.27,61.31
2025-12-15 08:11:48.902196,61.28,61.31
2025-12-15 08:11:49.117669,61.27,61.32
2025-12-15 08:11:49.973664,61.28,61.31
2025-12-15 08:12:04.426078,61.27,61.31
2025-12-15 08:12:05.608860,61.27,61.32
2025-12-15 08:12:06.644597,61.28,61.32
2025-12-15 08:12:08.086916,61.27,61.31
2025-12-15 08:12:11.473578,61.27,61.32
2025-12-15 08:12:13.334415,61.26,61.3
2025-12-15 08:12:20.373427,61.26,61.31
2025-12-15 08:12:21.478373,61.27,61.31
2025-12-15 08:12:23.385657,61.26,61.3
2025-12-15 08:12:28.566054,61.25,61.29
2025-12-15 08:12:34.648632,61.26,61.29
2025-12-15 08:12:40.342768,61.25,61.29
2025-12-15 08:12:54.760278,61.24,61.28
2025-12-15 08:13:04.527771,61.24,61.29
2025-12-15 08:13:07.026899,61.24,61.27
2025-12-15 08:13:10.541038,61.24,61.29
2025-12-15 08:13:14.562724,61.24,61.28
2025-12-15 08:13:32.462576,61.25,61.29
2025-12-15 08:13:37.162345,61.26,61.3
2025-12-15 08:13:38.168201,61.25,61.29
2025-12-15 08:13:41.216953,61.25,61.28
2025-12-15 08:13:41.572993,61.24,61.28
2025-12-15 08:13:42.116908,61.24,61.3
2025-12-15 08:13:43.976221,61.24,61.27
2025-12-15 08:13:54.927926,61.24,61.29
2025-12-15 08:13:56.634217,61.25,61.28
2025-12-15 08:13:56.987107,61.26,61.29
2025-12-15 08:13:58.439304,61.25,61.3
2025-12-15 08:14:20.284872,61.26,61.3
2025-12-15 08:14:20.830420,61.25,61.29
2025-12-15 08:14:21.851410,61.26,61.3
2025-12-15 08:14:34.188773,61.25,61.29
2025-12-15 08:14:35.494393,61.25,61.3
2025-12-15 08:14:36.734909,61.25,61.28
2025-12-15 08:14:37.011665,61.24,61.28
2025-12-15 08:14:37.164516,61.25,61.29
2025-12-15 08:14:40.372412,61.24,61.27
2025-12-15 08:14:44.253396,61.23,61.28
2025-12-15 08:14:48.634641,61.23,61.27
2025-12-15 08:14:50.405522,61.23,61.26
2025-12-15 08:14:51.143759,61.24,61.28
2025-12-15 08:14:52.310986,61.23,61.27
2025-12-15 08:14:54.455339,61.22,61.26
2025-12-15 08:14:58.817247,61.22,61.27
2025-12-15 08:14:59.048273,61.22,61.26
2025-12-15 08:15:00.849585,61.23,61.26
2025-12-15 08:15:01.745274,61.22,61.27
2025-12-15 08:15:02.256731,61.22,61.26
2025-12-15 08:15:03.476090,61.21,61.25
2025-12-15 08:15:06.002178,61.23,61.27
2025-12-15 08:15:07.733541,61.22,61.26
2025-12-15 08:15:09.044073,61.22,61.27
2025-12-15 08:15:11.139428,61.22,61.25
2025-12-15 08:15:12.555948,61.22,61.27
2025-12-15 08:15:20.606359,61.21,61.25
2025-12-15 08:15:21.234755,61.21,61.24
2025-12-15 08:15:21.837652,61.22,61.27
2025-12-15 08:15:24.483568,61.22,61.26
2025-12-15 08:15:31.088963,61.23,61.26
2025-12-15 08:15:32.657418,61.22,61.27
2025-12-15 08:15:35.366331,61.22,61.25
2025-12-15 08:15:36.160687,61.22,61.27
2025-12-15 08:15:44.882993,61.22,61.25
2025-12-15 08:15:51.265755,61.23,61.27
2025-12-15 08:15:51.668977,61.25,61.28
