timestamp,bid,ask
2025-04-20 22:37:35.429266,18274.7,18278.85
2025-04-20 22:37:35.703369,18276.33,18279.23
2025-04-20 22:37:36.067170,18275.79,18278.69
2025-04-20 22:37:36.774986,18276.77,18279.42
2025-04-20 22:37:37.937823,18278.08,18280.98
2025-04-20 22:37:38.907826,18277.78,18280.93
2025-04-20 22:37:40.519618,18277.54,18280.94
2025-04-20 22:37:41.132191,18277.58,18281.23
2025-04-20 22:37:42.112836,18278.28,18281.18
2025-04-20 22:37:42.369614,18278.54,18281.19
2025-04-20 22:37:43.198770,18277.78,18280.93
2025-04-20 22:37:43.702654,18278.06,18280.96
2025-04-20 22:37:44.498417,18278.08,18281.23
2025-04-20 22:37:45.097605,18278.33,18281.23
2025-04-20 22:37:46.253825,18278.79,18281.19
2025-04-20 22:37:46.363517,18278.53,18281.18
2025-04-20 22:37:47.118940,18278.08,18279.13
2025-04-20 22:37:49.445193,18278.57,18281.22
2025-04-20 22:37:53.260729,18279.32,18281.22
2025-04-20 22:37:53.587574,18280.02,18282.42
2025-04-20 22:37:53.886827,18279.56,18282.46
2025-04-20 22:37:58.299199,18279.32,18282.47
2025-04-20 22:37:58.938604,18279.28,18282.18
2025-04-20 22:38:00.875205,18278.03,18281.68
2025-04-20 22:38:02.129088,18277.08,18281.23
2025-04-20 22:38:02.462004,18276.81,18280.21
2025-04-20 22:38:02.742347,18277.08,18280.23
2025-04-20 22:38:19.256885,18277.58,18280.48
2025-04-20 22:38:20.213395,18277.32,18280.22
2025-04-20 22:38:20.539363,18276.77,18280.17
2025-04-20 22:38:20.963629,18277.02,18280.17
2025-04-20 22:38:21.726296,18277.04,18279.94
2025-04-20 22:38:22.805376,18277.04,18280.19
2025-04-20 22:38:24.078115,18277.56,18280.21
2025-04-20 22:38:24.525238,18277.81,18279.96
2025-04-20 22:38:26.444313,18277.33,18279.98
2025-04-20 22:38:28.315815,18280.71,18281.76
2025-04-20 22:38:29.477743,18281.02,18283.67
2025-04-20 22:38:30.171954,18280.56,18283.71
2025-04-20 22:38:30.465096,18280.82,18283.97
2025-04-20 22:38:31.131219,18281.04,18284.19
2025-04-20 22:38:31.609156,18281.33,18284.23
2025-04-20 22:38:31.862863,18281.06,18284.21
2025-04-20 22:38:33.289827,18282.78,18284.18
2025-04-20 22:38:34.198902,18283.02,18285.67
2025-04-20 22:38:36.598065,18282.83,18285.73
2025-04-20 22:38:36.844553,18283.06,18285.71
2025-04-20 22:38:38.165303,18282.81,18285.71
2025-04-20 22:38:38.664201,18282.77,18285.42
2025-04-20 22:38:39.020959,18281.77,18285.42
2025-04-20 22:38:39.366915,18280.31,18283.96
2025-04-20 22:38:41.488567,18280.27,18283.67
2025-04-20 22:38:42.960758,18281.07,18282.72
2025-04-20 22:38:43.570636,18279.27,18282.17
2025-04-20 22:38:45.234327,18278.83,18280.73
2025-04-20 22:38:45.344906,18281.27,18284.17
2025-04-20 22:38:46.189339,18281.58,18284.48
2025-04-20 22:38:46.719460,18282.33,18285.23
2025-04-20 22:43:52.132848,18270.29,18273.44
2025-04-20 22:43:54.245209,18272.62,18273.67
2025-04-20 22:43:54.655574,18271.28,18273.93
2025-04-20 22:43:55.449487,18271.06,18273.71
2025-04-20 22:43:57.611169,18271.08,18273.98
2025-04-20 22:43:58.899174,18271.54,18273.94
2025-04-20 22:43:59.475538,18271.31,18273.96
2025-04-20 22:44:00.128235,18270.83,18273.48
2025-04-20 22:44:01.326646,18269.41,18273.56
2025-04-20 22:44:01.605580,18269.52,18272.42
2025-04-20 22:44:01.793914,18269.52,18273.17
2025-04-20 22:44:02.947617,18269.27,18273.17
2025-04-20 22:44:03.563260,18269.53,18273.18
2025-04-20 22:44:03.862509,18269.82,18273.22
2025-04-20 22:44:05.431141,18268.92,18273.07
2025-04-20 22:44:06.589650,18268.79,18272.94
2025-04-20 22:44:07.073940,18269.02,18272.67
2025-04-20 22:44:08.588535,18269.82,18272.97
2025-04-20 22:44:10.016446,18270.03,18272.93
2025-04-20 22:44:11.037343,18270.81,18272.96
2025-04-20 22:44:11.512425,18271.02,18273.92
2025-04-20 22:44:11.635389,18270.81,18273.71
2025-04-20 22:44:11.839604,18270.77,18272.92
2025-04-20 22:44:12.186940,18269.82,18272.97
2025-04-20 22:44:14.579238,18270.07,18272.72
2025-04-20 22:44:15.161434,18270.27,18272.92
2025-04-20 22:44:29.868174,18270.54,18273.19
2025-04-20 22:44:32.629821,18269.86,18270.91
2025-04-20 22:44:35.006496,18270.02,18272.92
2025-04-20 22:44:35.502120,18270.07,18272.72
2025-04-20 22:44:35.803055,18269.77,18272.42
2025-04-20 22:44:36.054952,18269.79,18272.69
2025-04-20 22:44:36.706530,18269.77,18272.67
2025-04-20 22:44:37.589399,18269.83,18272.48
2025-04-20 22:44:38.494577,18270.03,18272.18
2025-04-20 22:44:39.754979,18269.79,18272.44
2025-04-20 22:44:40.471267,18270.02,18272.42
2025-04-20 22:44:41.270870,18270.33,18272.48
2025-04-20 22:44:43.638107,18270.52,18272.42
2025-04-20 22:44:44.184490,18270.83,18272.48
2025-04-20 22:44:46.132568,18271.28,18273.18
2025-04-20 22:44:47.512994,18271.33,18273.48
2025-04-20 22:44:48.006079,18271.53,18274.68
2025-04-20 22:44:48.443904,18272.08,18274.73
2025-04-20 22:44:50.003226,18272.53,18274.68
2025-04-20 22:44:52.094540,18272.46,18273.51
2025-04-20 22:44:52.374111,18272.31,18274.46
2025-04-20 22:44:52.701071,18271.78,18274.43
2025-04-20 22:44:54.468009,18272.03,18274.18
2025-04-20 22:44:56.288655,18273.84,18274.89
2025-04-20 22:45:58.632676,18268.27,18270.42
2025-04-20 22:45:58.789159,18268.53,18270.43
2025-04-20 22:45:59.025983,18269.06,18270.46
2025-04-20 22:45:59.210973,18269.81,18271.96
2025-04-20 22:45:59.564336,18269.06,18271.21
2025-04-20 22:46:00.028465,18268.83,18270.98
2025-04-20 22:46:04.040937,18269.03,18271.18
2025-04-20 22:46:04.432969,18269.08,18270.98
2025-04-20 22:46:04.731045,18268.08,18270.23
2025-04-20 22:46:05.308540,18268.29,18270.44
2025-04-20 22:46:07.186706,18268.54,18270.44
2025-04-20 22:46:07.549545,18269.07,18271.97
2025-04-20 22:46:07.835032,18269.03,18271.18
2025-04-20 22:46:09.144077,18269.28,18271.93
2025-04-20 22:46:10.566140,18269.58,18271.73
2025-04-20 22:46:12.624512,18269.56,18271.21
2025-04-20 22:46:14.676802,18269.83,18271.23
2025-04-20 22:46:15.176483,18268.56,18271.21
2025-04-20 22:46:15.715414,18269.28,18271.18
2025-04-20 22:46:16.064203,18269.03,18271.18
2025-04-20 22:46:16.296845,18269.57,18271.22
2025-04-20 22:46:17.246323,18270.07,18271.72
2025-04-20 22:46:18.062223,18270.27,18271.67
2025-04-20 22:46:18.220894,18271.52,18274.17
2025-04-20 22:46:18.408383,18272.32,18274.22
2025-04-20 22:46:19.053243,18272.53,18274.18
2025-04-20 22:46:19.345448,18272.77,18274.17
2025-04-20 22:46:24.118088,18272.31,18274.21
2025-04-20 22:46:24.501536,18272.03,18273.93
2025-04-20 22:46:24.824324,18272.08,18274.23
2025-04-20 22:58:11.766094,18291.58,18294.23
2025-04-20 22:58:12.132297,18292.03,18294.18
2025-04-20 22:58:12.826933,18293.58,18296.48
2025-04-20 22:58:13.042917,18293.06,18295.96
2025-04-20 22:58:13.484712,18293.82,18296.47
2025-04-20 22:58:14.341929,18293.56,18296.46
2025-04-20 22:58:14.778557,18293.77,18296.17
2025-04-20 22:58:15.148305,18294.02,18296.92
2025-04-20 22:58:15.567766,18294.56,18296.96
2025-04-20 22:58:15.925456,18293.78,18296.93
2025-04-20 22:58:16.567434,18294.31,18296.96
2025-04-20 22:58:16.782505,18294.32,18297.47
2025-04-20 22:58:17.599714,18294.32,18296.97
2025-04-20 22:58:17.918041,18294.32,18296.47
2025-04-20 22:58:18.163745,18294.31,18296.96
2025-04-20 22:58:18.629420,18295.08,18297.48
2025-04-20 22:58:19.182030,18295.03,18296.18
2025-04-20 22:58:19.800311,18294.04,18296.19
2025-04-20 22:58:20.453314,18294.33,18296.23
2025-04-20 22:58:21.249356,18294.31,18295.96
2025-04-20 22:58:21.591535,18293.56,18296.21
2025-04-20 22:58:22.205511,18292.28,18295.18
2025-04-20 22:58:22.513870,18292.08,18295.23
2025-04-20 22:58:23.017571,18291.56,18294.71
2025-04-20 22:58:23.246695,18291.83,18293.73
2025-04-20 22:58:23.846821,18292.31,18294.71
2025-04-20 22:58:24.251464,18292.33,18294.98
2025-04-20 22:58:25.132501,18292.57,18294.97
2025-04-20 22:58:25.790204,18291.82,18294.72
2025-04-20 22:58:26.965139,18292.02,18294.92
2025-04-20 22:58:27.193059,18292.83,18295.48
2025-04-20 22:58:27.684594,18292.54,18295.44
2025-04-20 22:58:27.941720,18292.81,18295.46
2025-04-20 22:58:28.131661,18293.28,18295.93
2025-04-20 22:58:28.424688,18292.83,18295.73
2025-04-20 22:58:28.984878,18293.31,18295.96
2025-04-20 22:58:29.223461,18293.77,18296.17
2025-04-20 22:58:29.440676,18293.53,18296.18
2025-04-20 22:58:29.846669,18293.81,18296.21
2025-04-20 22:58:30.054856,18293.52,18296.17
2025-04-20 22:58:30.662635,18293.82,18296.22
2025-04-20 22:58:31.332963,18293.78,18295.18
2025-04-20 22:58:32.945423,18293.28,18295.18
2025-04-20 22:58:33.253545,18293.54,18295.19
2025-04-20 22:58:33.734959,18293.28,18296.18
2025-04-20 22:58:34.125409,18292.54,18295.94
2025-04-20 22:58:34.264209,18292.58,18295.73
2025-04-20 22:58:34.626525,18292.33,18293.38
2025-04-20 22:58:34.888152,18293.03,18295.93
2025-04-20 22:58:35.139993,18293.03,18295.68
2025-04-20 22:58:36.868880,18293.07,18295.47
2025-04-20 22:58:37.367345,18293.28,18295.68
2025-04-20 22:58:37.619586,18293.07,18295.47
2025-04-20 22:58:38.322742,18293.32,18295.72
2025-04-20 22:58:39.391608,18293.33,18296.23
2025-04-20 23:02:40.105329,18299.81,18302.21
2025-04-20 23:02:43.056817,18300.08,18302.23
2025-04-20 23:02:45.929179,18300.04,18301.94
2025-04-20 23:02:47.631598,18299.78,18302.18
2025-04-20 23:02:52.299957,18299.77,18301.92
2025-04-20 23:02:53.097616,18301.71,18302.76
2025-04-20 23:02:54.017633,18299.83,18302.73
2025-04-20 23:02:54.230147,18298.81,18301.46
2025-04-20 23:02:54.481074,18297.57,18301.47
2025-04-20 23:02:55.515048,18297.57,18300.72
2025-04-20 23:02:55.768461,18295.04,18298.19
2025-04-20 23:02:56.218199,18294.31,18298.21
2025-04-20 23:02:56.439266,18294.04,18297.69
2025-04-20 23:02:56.794334,18294.58,18297.98
2025-04-20 23:02:57.279352,18294.28,18297.68
2025-04-20 23:02:57.684141,18297.79,18301.19
2025-04-20 23:02:57.747246,18296.79,18300.94
2025-04-20 23:02:57.924268,18297.77,18300.92
2025-04-20 23:02:58.592012,18297.82,18300.72
2025-04-20 23:02:59.484290,18297.58,18300.73
2025-04-20 23:02:59.719542,18298.31,18300.96
2025-04-20 23:03:00.767269,18298.58,18301.23
2025-04-20 23:03:01.267600,18300.04,18302.94
2025-04-20 23:03:01.845960,18299.54,18302.94
2025-04-20 23:03:03.081235,18299.53,18303.68
2025-04-20 23:03:03.421459,18299.56,18303.46
2025-04-20 23:12:42.369628,18311.29,18314.19
2025-04-20 23:12:43.407028,18311.79,18314.44
2025-04-20 23:12:43.725223,18312.03,18314.43
2025-04-20 23:12:43.733740,18311.06,18313.21
2025-04-20 23:12:43.974674,18311.07,18313.47
2025-04-20 23:12:44.783161,18311.07,18313.97
2025-04-20 23:12:45.348364,18311.07,18314.22
2025-04-20 23:12:45.982318,18311.28,18313.93
2025-04-20 23:12:47.014866,18311.27,18313.67
2025-04-20 23:12:48.977261,18311.27,18313.92
2025-04-20 23:12:49.349406,18311.31,18313.71
2025-04-20 23:12:55.713350,18311.32,18313.97
2025-04-20 23:12:56.507241,18311.29,18313.69
2025-04-20 23:12:57.929863,18311.28,18313.93
2025-04-20 23:12:59.319327,18311.27,18314.67
2025-04-20 23:12:59.588932,18311.28,18313.68
2025-04-20 23:12:59.938934,18311.32,18313.97
2025-04-20 23:13:01.077742,18311.54,18313.94
2025-04-20 23:13:01.629132,18311.77,18314.42
2025-04-20 23:13:01.957288,18311.33,18314.23
2025-04-20 23:13:02.426555,18311.27,18313.67
2025-04-20 23:13:03.381243,18311.29,18313.94
2025-04-20 23:13:04.741588,18311.57,18314.47
2025-04-20 23:13:05.070161,18311.29,18313.69
2025-04-20 23:13:05.311742,18311.27,18313.17
2025-04-20 23:13:06.664389,18311.27,18313.42
2025-04-20 23:13:07.654746,18311.53,18313.68
2025-04-20 23:13:08.082450,18311.54,18313.19
2025-04-20 23:13:09.572536,18311.56,18314.71
2025-04-20 23:13:09.916973,18313.82,18316.47
2025-04-20 23:13:10.494705,18313.08,18315.23
2025-04-20 23:13:10.929553,18313.06,18314.96
2025-04-20 23:13:11.273202,18311.54,18313.94
2025-04-20 23:13:11.688222,18311.53,18313.68
2025-04-20 23:13:12.021436,18311.52,18313.42
2025-04-20 23:13:12.477390,18311.52,18313.17
2025-04-20 23:13:13.015991,18311.56,18313.46
2025-04-20 23:13:13.280058,18311.57,18313.22
2025-04-20 23:13:13.809038,18311.53,18313.43
2025-04-20 23:13:14.046279,18310.77,18313.17
2025-04-20 23:13:14.689497,18311.07,18313.22
2025-04-20 23:13:15.022347,18310.58,18312.73
2025-04-20 23:13:16.062777,18310.53,18313.18
2025-04-20 23:13:17.353766,18310.83,18313.48
2025-04-20 23:13:18.331716,18311.07,18313.22
2025-04-20 23:13:18.601491,18310.78,18313.43
2025-04-20 23:13:18.866087,18310.83,18313.23
2025-04-20 23:13:19.994137,18310.77,18313.42
2025-04-20 23:13:21.865029,18311.27,18313.92
2025-04-20 23:13:22.117022,18311.52,18313.67
2025-04-20 23:13:22.722421,18311.53,18314.18
2025-04-20 23:13:24.073380,18311.77,18314.17
2025-04-20 23:13:25.004744,18311.58,18313.98
2025-04-20 23:13:25.564981,18311.53,18313.68
2025-04-20 23:13:26.914920,18311.31,18313.71
2025-04-20 23:13:27.638459,18311.52,18314.17
2025-04-20 23:13:28.144132,18311.83,18313.98
2025-04-20 23:13:29.064823,18311.81,18314.46
2025-04-20 23:13:29.380229,18312.29,18314.44
2025-04-20 23:13:29.914978,18312.32,18314.72
2025-04-20 23:13:30.521775,18312.02,18314.17
2025-04-20 23:13:32.537265,18312.07,18313.97
2025-04-20 23:13:33.019015,18311.31,18313.46
2025-04-20 23:13:34.330344,18311.53,18313.43
2025-04-20 23:13:35.128024,18311.56,18313.71
2025-04-20 23:13:36.121520,18311.31,18313.96
2025-04-20 23:13:36.568958,18311.58,18313.23
2025-04-20 23:13:36.686132,18313.28,18315.68
2025-04-20 23:13:36.978217,18313.04,18315.19
2025-04-20 23:13:37.557962,18312.82,18315.47
2025-04-20 23:13:37.977942,18312.77,18315.17
2025-04-20 23:13:40.229402,18312.83,18315.48
2025-04-20 23:13:41.733024,18312.81,18315.21
2025-04-20 23:13:42.246158,18312.82,18315.22
2025-04-20 23:13:42.780640,18312.81,18315.46
2025-04-20 23:13:43.613504,18313.28,18315.43
2025-04-20 23:13:44.862874,18313.54,18315.44
2025-04-20 23:13:45.830060,18313.78,18315.43
2025-04-20 23:13:46.759584,18313.32,18315.97
2025-04-20 23:13:47.270372,18313.27,18316.17
2025-04-20 23:13:47.528974,18313.33,18315.73
2025-04-20 23:13:49.539149,18313.27,18315.42
2025-04-20 23:13:50.129322,18311.79,18313.69
2025-04-20 23:13:50.338133,18310.57,18313.22
2025-04-20 23:13:50.678000,18310.54,18312.94
2025-04-20 23:13:51.879086,18310.52,18313.42
2025-04-20 23:13:54.579395,18310.83,18313.23
2025-04-20 23:13:57.023597,18310.53,18313.18
2025-04-20 23:14:01.313277,18310.28,18313.18
2025-04-20 23:14:05.849012,18307.32,18310.22
2025-04-20 23:14:06.400367,18307.82,18310.22
2025-04-20 23:14:07.163004,18307.78,18310.68
2025-04-20 23:14:08.411405,18308.31,18310.71
2025-04-20 23:14:08.937902,18308.52,18310.67
2025-04-20 23:14:09.299204,18308.07,18310.72
2025-04-20 23:14:14.420046,18308.28,18310.68
2025-04-20 23:14:15.783164,18308.58,18310.73
2025-04-20 23:14:16.771016,18308.53,18312.68
2025-04-20 23:14:17.232611,18308.77,18312.17
2025-04-20 23:14:18.157905,18310.31,18312.21
2025-04-20 23:14:19.195429,18309.02,18312.17
2025-04-20 23:14:20.082568,18309.83,18312.98
2025-04-20 23:14:20.379491,18309.33,18312.98
2025-04-20 23:14:25.478063,18309.53,18312.43
2025-04-20 23:14:26.476325,18310.06,18313.21
2025-04-20 23:14:28.131177,18309.58,18310.63
2025-04-20 23:14:28.724953,18308.57,18310.97
2025-04-20 23:14:29.126824,18308.33,18310.98
2025-04-20 23:14:29.880466,18308.32,18310.72
2025-04-20 23:14:30.128631,18308.06,18310.96
2025-04-20 23:14:30.383323,18308.31,18311.46
2025-04-20 23:14:32.945938,18308.33,18311.98
2025-04-20 23:14:33.707755,18308.83,18312.73
2025-04-20 23:14:33.995426,18310.06,18313.21
2025-04-20 23:14:35.979084,18310.79,18313.19
2025-04-20 23:14:38.108130,18310.78,18313.43
2025-04-20 23:14:38.414207,18311.07,18313.72
2025-04-20 23:14:39.381157,18311.32,18313.97
2025-04-20 23:14:39.528067,18311.07,18313.97
2025-04-20 23:14:40.346217,18311.57,18314.22
2025-04-20 23:14:40.438007,18310.81,18313.71
2025-04-20 23:14:41.396096,18310.06,18312.71
2025-04-20 23:14:42.108275,18307.08,18309.23
2025-04-20 23:14:42.580122,18307.77,18310.42
2025-04-20 23:14:43.230097,18306.79,18309.69
2025-04-20 23:14:43.878548,18307.06,18309.71
2025-04-20 23:14:44.858293,18307.07,18310.47
2025-04-20 23:14:46.437987,18307.03,18310.18
2025-04-20 23:14:46.764129,18307.52,18309.92
2025-04-20 23:14:47.013487,18307.78,18310.68
2025-04-20 23:14:48.278141,18308.06,18310.46
2025-04-20 23:14:48.579315,18307.56,18310.21
2025-04-20 23:14:49.727799,18308.79,18310.19
2025-04-20 23:14:50.128087,18307.29,18310.19
2025-04-20 23:14:51.938016,18307.57,18310.47
2025-04-20 23:14:51.964603,18307.82,18310.47
2025-04-20 23:14:52.818010,18307.83,18310.73
2025-04-20 23:14:52.917513,18307.54,18310.69
2025-04-20 23:14:54.346784,18307.33,18309.98
2025-04-20 23:14:55.295921,18307.08,18310.23
2025-04-20 23:14:56.178001,18307.31,18310.21
2025-04-20 23:14:57.230831,18307.06,18309.96
2025-04-20 23:14:57.480794,18307.08,18309.73
2025-04-20 23:14:58.344964,18306.77,18309.67
2025-04-20 23:14:59.511725,18306.77,18309.42
2025-04-20 23:15:00.296294,18306.83,18309.73
2025-04-20 23:15:00.546972,18307.83,18310.23
2025-04-20 23:15:00.845530,18308.79,18311.19
2025-04-20 23:15:04.912698,18309.33,18311.23
2025-04-20 23:15:05.443752,18309.28,18311.43
2025-04-20 23:15:05.838108,18309.29,18311.19
2025-04-20 23:15:06.628266,18307.54,18310.19
2025-04-20 23:15:07.033780,18307.31,18310.21
2025-04-20 23:15:07.510996,18307.57,18310.22
2025-04-20 23:15:08.159722,18307.83,18310.73
2025-04-20 23:15:08.419762,18308.77,18311.17
2025-04-20 23:15:08.728424,18308.32,18311.22
2025-04-20 23:15:09.289307,18308.03,18310.68
2025-04-20 23:15:09.677962,18308.54,18311.19
2025-04-20 23:15:10.008159,18308.58,18310.98
2025-04-20 23:15:10.447965,18308.83,18310.98
2025-04-20 23:15:11.015980,18308.56,18311.71
2025-04-20 23:15:11.248149,18308.58,18311.23
2025-04-20 23:15:11.864189,18307.77,18310.42
2025-04-20 23:15:12.219190,18307.53,18310.43
2025-04-20 23:15:12.558405,18307.81,18310.21
2025-04-20 23:15:12.877942,18308.52,18311.17
2025-04-20 23:15:13.263490,18308.07,18310.47
2025-04-20 23:15:14.032123,18307.82,18310.22
2025-04-20 23:15:15.011566,18307.77,18309.92
2025-04-20 23:15:15.978036,18307.33,18309.98
2025-04-20 23:15:16.443642,18307.03,18309.68
2025-04-20 23:15:17.461880,18307.31,18309.96
2025-04-20 23:15:19.016734,18307.07,18309.97
2025-04-20 23:15:19.363339,18307.33,18309.73
2025-04-20 23:15:19.798119,18307.31,18310.21
2025-04-20 23:15:20.228345,18306.78,18309.68
2025-04-20 23:15:20.848257,18306.32,18309.22
2025-04-20 23:15:21.195253,18307.02,18309.67
2025-04-20 23:15:23.745479,18307.28,18309.68
2025-04-20 23:15:27.528132,18307.29,18310.44
2025-04-20 23:15:28.035785,18307.79,18310.44
2025-04-20 23:15:28.344708,18308.07,18310.47
2025-04-20 23:15:30.438267,18308.57,18310.47
2025-04-20 23:15:31.048021,18308.58,18310.23
2025-04-20 23:15:41.112231,18308.57,18310.47
2025-04-20 23:15:42.995774,18309.07,18310.72
2025-04-20 23:15:43.356697,18308.82,18310.72
2025-04-20 23:15:44.258165,18309.04,18310.69
2025-04-20 23:15:44.745499,18308.81,18310.71
2025-04-20 23:15:46.312332,18308.82,18309.87
2025-04-20 23:15:55.258473,18309.27,18310.42
2025-04-20 23:15:55.558212,18307.08,18308.73
2025-04-20 23:15:56.960895,18306.79,18308.69
2025-04-20 23:15:57.688198,18306.08,18308.73
2025-04-20 23:15:58.828173,18306.08,18308.23
2025-04-20 23:15:59.426077,18306.07,18308.97
2025-04-20 23:16:00.517910,18305.81,18309.46
2025-04-20 23:16:00.926984,18305.82,18308.22
2025-04-20 23:16:04.144451,18306.03,18308.18
2025-04-20 23:16:05.196315,18305.82,18308.22
2025-04-20 23:16:05.888430,18306.07,18308.22
2025-04-20 23:16:06.295350,18305.83,18308.23
2025-04-20 23:16:07.128030,18306.08,18308.23
2025-04-20 23:16:08.710408,18305.81,18308.21
2025-04-20 23:16:09.380292,18306.02,18308.17
2025-04-20 23:16:12.526903,18305.79,18308.19
2025-04-20 23:16:12.644539,18305.79,18307.94
2025-04-20 23:16:12.989912,18305.79,18307.69
2025-04-20 23:16:13.619121,18305.77,18307.42
2025-04-20 23:16:14.110788,18305.78,18307.93
2025-04-20 23:16:15.878244,18305.79,18307.44
2025-04-20 23:16:17.908281,18305.56,18307.96
2025-04-20 23:16:19.649819,18304.79,18307.94
2025-04-20 23:16:20.311337,18304.83,18307.73
2025-04-20 23:16:20.499309,18304.77,18307.42
2025-04-20 23:16:22.908211,18304.77,18307.67
2025-04-20 23:16:24.128365,18304.79,18307.19
2025-04-20 23:16:24.538061,18304.58,18307.23
2025-04-20 23:16:24.860551,18304.77,18307.67
2025-04-20 23:16:27.111277,18304.77,18307.17
2025-04-20 23:16:27.392858,18304.82,18306.97
2025-04-20 23:16:28.115578,18305.07,18307.47
2025-04-20 23:16:28.329115,18304.28,18307.18
2025-04-20 23:16:28.578060,18304.29,18307.44
2025-04-20 23:16:28.878261,18304.28,18307.18
2025-04-20 23:16:29.911554,18304.29,18306.94
2025-04-20 23:16:31.496293,18304.03,18306.93
2025-04-20 23:16:31.792470,18303.29,18306.69
2025-04-20 23:16:32.030144,18303.57,18306.72
2025-04-20 23:16:32.909866,18303.58,18306.73
2025-04-20 23:16:33.224888,18303.53,18306.93
2025-04-20 23:16:33.458319,18303.54,18306.69
2025-04-20 23:16:33.778194,18303.57,18306.72
2025-04-20 23:16:34.041719,18303.57,18306.97
2025-04-20 23:16:34.391981,18303.67,18307.82
2025-04-20 23:16:35.044236,18303.19,18307.34
2025-04-20 23:16:35.745226,18302.74,18303.79
2025-04-20 23:16:38.061630,18302.77,18305.42
2025-04-20 23:16:38.478124,18302.83,18305.23
2025-04-20 23:16:39.342543,18302.54,18305.44
2025-04-20 23:16:39.792689,18302.53,18305.18
2025-04-20 23:16:39.920558,18302.53,18305.43
2025-04-20 23:16:40.544226,18302.82,18305.22
2025-04-20 23:16:40.659845,18302.53,18305.18
2025-04-20 23:16:41.013206,18302.53,18304.68
2025-04-20 23:16:42.611513,18302.78,18305.18
2025-04-20 23:16:43.343874,18302.52,18305.42
2025-04-20 23:16:43.627895,18302.58,18305.23
2025-04-20 23:16:44.576550,18302.57,18305.47
2025-04-20 23:16:45.509272,18302.81,18305.46
2025-04-20 23:16:47.494049,18302.77,18305.17
2025-04-20 23:16:48.060366,18302.83,18305.48
2025-04-20 23:16:48.443336,18302.56,18305.21
2025-04-20 23:16:49.828713,18302.82,18305.22
2025-04-20 23:16:50.993836,18302.78,18305.43
2025-04-20 23:16:52.175356,18302.54,18305.44
2025-04-20 23:16:52.875960,18302.52,18305.17
2025-04-20 23:16:53.393055,18302.79,18305.19
2025-04-20 23:16:53.762081,18302.52,18305.17
2025-04-20 23:16:53.938090,18302.53,18305.43
2025-04-20 23:16:54.278355,18302.82,18305.47
2025-04-20 23:16:56.190202,18302.83,18305.73
2025-04-20 23:16:57.726314,18303.04,18307.19
2025-04-20 23:17:02.275943,18302.96,18307.11
2025-04-20 23:17:02.978000,18304.31,18307.21
2025-04-20 23:17:04.234919,18304.04,18307.19
2025-04-20 23:17:04.587927,18304.06,18307.46
2025-04-20 23:17:05.162974,18304.78,18307.68
2025-04-20 23:17:06.878195,18304.06,18307.21
2025-04-20 23:17:07.928041,18304.79,18307.19
2025-04-20 23:17:09.543123,18305.07,18307.47
2025-04-20 23:17:10.943843,18305.33,18307.98
2025-04-20 23:17:11.143729,18304.83,18307.48
2025-04-20 23:17:11.993579,18304.77,18307.42
2025-04-20 23:17:12.308424,18304.77,18307.17
2025-04-20 23:17:12.846173,18304.56,18307.46
2025-04-20 23:17:13.477279,18305.58,18307.98
2025-04-20 23:17:13.710741,18304.81,18307.46
2025-04-20 23:17:14.676452,18305.58,18308.23
2025-04-20 23:17:14.923211,18306.08,18308.23
2025-04-20 23:17:15.508107,18306.04,18308.94
2025-04-20 23:17:17.177429,18306.32,18308.72
2025-04-20 23:17:18.047220,18303.66,18307.81
2025-04-20 23:17:19.211456,18302.82,18305.47
2025-04-20 23:17:19.728301,18302.57,18305.22
2025-04-20 23:17:19.993542,18302.58,18304.48
2025-04-20 23:17:20.358333,18302.56,18304.96
2025-04-20 23:17:21.160270,18302.53,18304.68
2025-04-20 23:17:23.825177,18302.52,18305.17
2025-04-20 23:17:24.509107,18302.81,18305.46
2025-04-20 23:17:26.210095,18302.58,18305.48
2025-04-20 23:17:29.028235,18302.32,18303.37
2025-04-20 23:17:29.510375,18302.54,18304.94
2025-04-20 23:17:30.743525,18302.58,18305.23
2025-04-20 23:17:31.488359,18302.27,18304.92
2025-04-20 23:17:31.981915,18302.03,18304.43
2025-04-20 23:17:32.426751,18302.07,18304.22
2025-04-20 23:17:33.776400,18302.02,18304.42
2025-04-20 23:17:34.377992,18302.02,18304.17
2025-04-20 23:17:34.776057,18302.03,18304.68
2025-04-20 23:17:37.808642,18302.08,18304.48
2025-04-20 23:17:39.088345,18302.28,18304.43
2025-04-20 23:17:53.310990,18302.28,18304.68
2025-04-20 23:37:46.161938,18300.31,18303.71
2025-04-20 23:37:46.645691,18300.32,18303.97
2025-04-20 23:37:47.480418,18300.28,18303.68
2025-04-20 23:37:48.431982,18300.32,18304.22
2025-04-20 23:37:49.570418,18300.28,18304.18
2025-04-20 23:37:53.508443,18300.29,18303.94
2025-04-20 23:37:55.675461,18300.27,18304.17
2025-04-20 23:38:03.143648,18300.31,18303.96
2025-04-20 23:38:05.836533,18300.79,18304.19
2025-04-20 23:38:06.022909,18300.9,18305.05
2025-04-20 23:38:06.416809,18300.82,18304.72
2025-04-20 23:38:08.516626,18301.21,18305.36
2025-04-20 23:38:09.506527,18301.27,18305.42
2025-04-20 23:38:13.242896,18301.15,18305.3
2025-04-21 00:00:52.058634,18313.52,18315.92
2025-04-21 00:00:52.317973,18313.03,18315.43
2025-04-21 00:00:53.009727,18313.33,18315.98
2025-04-21 00:00:54.971550,18313.54,18315.94
2025-04-21 00:00:55.247972,18313.81,18316.21
2025-04-21 00:00:55.438972,18314.06,18316.21
2025-04-21 00:00:55.542811,18314.04,18316.44
2025-04-21 00:00:55.794506,18313.28,18315.68
2025-04-21 00:00:55.913559,18313.58,18315.73
2025-04-21 00:00:55.990099,18313.83,18315.73
2025-04-21 00:00:56.208748,18313.57,18316.47
2025-04-21 00:00:56.375926,18314.31,18316.46
2025-04-21 00:00:57.282570,18314.32,18316.72
2025-04-21 00:00:58.167834,18314.56,18316.71
2025-04-21 00:00:58.394816,18314.28,18316.68
2025-04-21 00:00:58.632683,18314.07,18316.47
2025-04-21 00:00:59.413644,18314.03,18316.18
2025-04-21 00:00:59.832692,18313.58,18315.73
2025-04-21 00:01:04.470919,18314.06,18316.96
2025-04-21 00:01:04.821722,18314.77,18316.92
2025-04-21 00:01:05.041119,18314.33,18316.98
2025-04-21 00:01:05.227820,18314.57,18317.22
2025-04-21 00:01:06.847720,18314.57,18316.97
2025-04-21 00:01:07.081293,18314.03,18316.68
2025-04-21 00:01:07.170774,18313.82,18316.97
2025-04-21 00:01:07.347468,18313.82,18316.47
2025-04-21 00:01:08.059446,18313.82,18316.22
2025-04-21 00:01:09.514640,18313.31,18315.96
2025-04-21 00:01:10.324567,18315.02,18317.67
2025-04-21 00:01:10.612508,18315.29,18317.69
2025-04-21 00:01:10.855148,18315.04,18317.69
2025-04-21 00:01:10.985572,18315.28,18317.68
2025-04-21 00:01:11.066571,18315.83,18317.73
2025-04-21 00:01:11.176551,18316.29,18317.94
2025-04-21 00:01:11.368520,18316.28,18317.93
2025-04-21 00:01:11.737778,18316.07,18317.12
2025-04-21 00:01:13.533063,18316.31,18317.96
2025-04-21 00:01:13.868162,18316.79,18319.44
2025-04-21 00:01:14.000709,18316.33,18318.98
2025-04-21 00:01:14.142600,18316.29,18318.94
2025-04-21 00:01:14.205704,18316.03,18318.68
2025-04-21 00:01:14.223881,18316.57,18319.22
2025-04-21 00:01:14.284614,18317.04,18318.69
2025-04-21 00:01:14.366642,18317.04,18318.94
2025-04-21 00:01:14.721111,18316.53,18318.93
2025-04-21 00:01:14.945323,18316.32,18318.47
2025-04-21 00:01:15.270250,18316.54,18318.44
2025-04-21 00:01:15.566529,18317.07,18318.72
2025-04-21 00:01:15.891987,18316.07,18318.72
2025-04-21 00:01:16.432700,18316.08,18318.23
2025-04-21 00:01:16.778132,18315.81,18318.21
2025-04-21 00:01:17.165767,18315.54,18318.19
2025-04-21 00:01:17.633698,18316.04,18318.44
2025-04-21 00:01:17.873584,18315.54,18318.19
2025-04-21 00:01:18.248079,18315.56,18317.71
2025-04-21 00:01:18.783084,18315.56,18317.46
2025-04-21 00:01:19.224421,18314.28,18316.68
2025-04-21 00:01:20.184490,18313.27,18315.92
2025-04-21 00:01:20.815689,18313.31,18315.71
2025-04-21 00:01:20.967907,18308.81,18312.46
2025-04-21 00:01:21.080040,18309.04,18311.69
2025-04-21 00:01:21.270041,18309.53,18312.18
2025-04-21 00:01:21.557523,18310.81,18313.71
2025-04-21 00:07:43.610941,18329.03,18330.68
2025-04-21 00:07:43.855063,18328.82,18330.97
2025-04-21 00:07:44.082361,18329.07,18330.97
2025-04-21 00:07:44.477958,18329.08,18331.98
2025-04-21 00:07:46.506970,18329.83,18331.23
2025-04-21 00:07:46.576809,18330.03,18331.93
2025-04-21 00:07:46.826739,18330.31,18331.96
2025-04-21 00:07:47.186705,18330.29,18332.69
2025-04-21 00:07:47.313061,18329.31,18331.96
2025-04-21 00:07:47.966702,18330.52,18332.67
2025-04-21 00:07:48.286775,18330.29,18332.94
2025-04-21 00:07:48.775495,18330.33,18332.98
2025-04-21 00:07:49.605196,18331.06,18332.96
2025-04-21 00:07:50.066600,18330.81,18332.71
2025-04-21 00:07:50.272746,18330.29,18331.94
2025-04-21 00:07:50.576751,18329.52,18330.92
2025-04-21 00:07:50.970640,18326.77,18329.17
2025-04-21 00:07:51.570783,18326.82,18328.97
2025-04-21 00:07:52.016947,18326.52,18328.67
2025-04-21 00:07:52.370743,18326.53,18328.43
2025-04-21 00:07:54.776682,18326.58,18328.98
2025-04-21 00:07:58.826873,18327.58,18328.98
2025-04-21 00:07:58.940283,18327.81,18330.21
2025-04-21 00:07:59.002527,18328.79,18330.44
2025-04-21 00:07:59.441811,18328.77,18330.92
2025-04-21 00:08:00.802186,18329.02,18330.67
2025-04-21 00:08:02.852360,18329.54,18330.69
2025-04-21 00:08:14.532110,18330.78,18332.68
2025-04-21 00:08:15.155436,18331.31,18332.96
2025-04-21 00:08:15.650719,18331.27,18333.17
2025-04-21 00:08:16.073495,18331.03,18333.18
2025-04-21 00:08:16.220673,18331.06,18333.21
2025-04-21 00:08:17.001560,18331.02,18333.17
2025-04-21 00:08:19.005566,18331.53,18333.18
2025-04-21 00:08:19.553403,18331.52,18333.42
2025-04-21 00:08:19.612264,18331.04,18333.44
2025-04-21 00:08:19.719179,18331.27,18333.42
2025-04-21 00:08:19.764637,18331.52,18333.42
2025-04-21 00:08:19.806420,18332.77,18334.42
2025-04-21 00:08:20.060839,18331.58,18333.73
2025-04-21 00:08:20.779821,18331.83,18333.98
2025-04-21 00:08:22.883593,18332.53,18334.68
2025-04-21 00:08:23.208195,18331.78,18333.93
2025-04-21 00:08:23.603174,18332.28,18334.18
2025-04-21 00:08:25.908696,18332.83,18334.73
2025-04-21 00:08:27.008743,18332.79,18334.94
2025-04-21 00:08:27.483530,18332.79,18334.44
2025-04-21 00:08:28.373486,18332.78,18334.68
2025-04-21 00:08:28.943471,18333.06,18334.96
2025-04-21 00:08:29.461389,18333.04,18334.69
2025-04-21 00:08:30.127729,18333.07,18334.72
2025-04-21 00:08:30.149065,18332.82,18334.72
2025-04-21 00:08:30.543417,18333.33,18335.48
2025-04-21 00:08:41.927994,18332.83,18334.98
2025-04-21 00:08:42.553163,18332.54,18334.69
2025-04-21 00:08:43.029562,18331.83,18333.98
2025-04-21 00:08:43.443485,18331.32,18333.97
2025-04-21 00:08:43.791460,18331.32,18333.22
2025-04-21 00:08:43.875115,18331.29,18333.44
2025-04-21 00:08:44.176119,18331.27,18333.17
2025-04-21 00:25:44.994668,18355.56,18357.46
2025-04-21 00:25:45.746439,18355.54,18356.94
2025-04-21 00:25:48.852845,18355.28,18356.93
2025-04-21 00:25:49.266650,18355.54,18356.69
2025-04-21 00:25:50.075253,18355.79,18357.19
2025-04-21 00:25:50.342369,18356.07,18357.47
2025-04-21 00:25:50.417453,18356.02,18357.67
2025-04-21 00:25:50.576046,18355.78,18357.43
2025-04-21 00:25:50.777015,18355.82,18357.72
2025-04-21 00:25:51.024611,18356.32,18357.72
2025-04-21 00:25:51.683200,18356.04,18357.44
2025-04-21 00:25:51.902301,18355.78,18357.18
2025-04-21 00:25:57.923910,18356.08,18357.98
2025-04-21 00:26:08.236309,18356.32,18358.22
2025-04-21 00:26:08.323183,18357.06,18358.46
2025-04-21 00:26:08.355743,18356.29,18357.94
2025-04-21 00:26:09.098131,18356.07,18357.47
2025-04-21 00:26:09.703386,18355.81,18357.21
2025-04-21 00:26:09.793701,18355.07,18356.97
2025-04-21 00:26:10.621221,18354.78,18356.68
2025-04-21 00:26:11.433802,18355.33,18356.73
2025-04-21 00:26:12.809330,18355.08,18356.98
2025-04-21 00:26:13.099384,18355.54,18357.19
2025-04-21 06:48:52.436234,18208.22,18209.51
2025-04-21 06:48:52.720786,18207.76,18209.05
2025-04-21 06:48:53.631854,18208.01,18209.3
2025-04-21 06:48:53.953344,18207.95,18209.49
2025-04-21 06:48:54.305329,18208.25,18209.54
2025-04-21 06:48:54.714217,18208.51,18209.8
2025-04-21 06:48:55.656786,18207.76,18209.3
2025-04-21 06:48:55.987827,18208.0,18209.29
2025-04-21 06:48:56.750971,18207.99,18209.53
2025-04-21 06:48:57.195161,18207.46,18209.25
2025-04-21 06:48:59.569481,18207.47,18209.51
2025-04-21 06:49:00.084383,18208.22,18209.76
2025-04-21 06:49:00.381073,18208.21,18209.5
2025-04-21 06:49:01.089103,18207.99,18209.53
2025-04-21 06:49:02.001149,18208.22,18209.51
2025-04-21 06:49:02.908187,18207.7,18209.24
2025-04-21 06:49:04.287518,18207.75,18209.54
2025-04-21 06:49:04.756602,18207.51,18209.3
2025-04-21 06:49:05.007588,18207.76,18209.3
2025-04-21 06:49:05.810258,18207.45,18209.24
2025-04-21 06:49:06.056356,18208.01,18209.55
2025-04-21 06:49:07.096597,18207.74,18209.53
2025-04-21 06:49:09.315791,18207.97,18209.51
2025-04-21 22:04:58.049248,17901.12,17902.17
2025-04-21 22:05:01.019092,17900.78,17902.93
2025-04-21 22:05:03.180066,17900.08,17902.73
2025-04-21 22:05:07.170715,17900.08,17902.23
2025-04-21 22:05:08.407620,17899.83,17902.23
2025-04-21 22:05:10.118689,17900.07,17902.22
2025-04-21 22:05:10.817634,17900.52,17903.67
2025-04-21 22:05:11.160013,17898.42,17902.57
2025-04-21 22:05:11.694619,17897.33,17900.48
2025-04-21 22:05:12.688841,17897.54,17900.44
2025-04-21 22:05:13.104431,17899.57,17900.62
2025-04-21 22:05:14.683162,17897.81,17900.96
2025-04-21 22:05:17.396298,17897.81,17899.21
2025-04-21 22:05:17.909075,17898.32,17900.97
2025-04-21 22:05:19.405005,17898.07,17902.22
2025-04-21 22:05:20.560795,17900.37,17901.42
2025-04-21 22:05:21.243101,17900.78,17902.93
2025-04-21 22:30:05.536569,17870.06,17872.96
2025-04-21 22:30:05.621156,17873.06,17875.21
2025-04-21 22:30:05.887630,17872.56,17875.71
2025-04-21 22:30:06.605695,17872.56,17876.71
2025-04-21 22:30:06.796612,17873.81,17877.21
2025-04-21 22:30:07.183443,17873.77,17877.42
2025-04-21 22:30:07.478794,17873.78,17877.68
2025-04-21 22:30:07.963588,17873.82,17877.72
2025-04-21 22:30:08.533941,17873.82,17877.47
2025-04-21 22:30:09.943182,17874.07,17877.47
2025-04-21 22:30:09.973510,17875.04,17877.44
2025-04-21 22:30:11.170437,17875.08,17877.48
2025-04-21 22:30:12.439712,17875.04,17877.69
2025-04-21 22:30:13.254677,17873.79,17877.44
2025-04-21 22:30:14.702885,17874.06,17877.46
2025-04-21 22:30:15.076937,17874.06,17877.71
2025-04-21 22:30:16.762555,17873.82,17877.47
2025-04-21 22:30:17.777160,17874.08,17877.48
2025-04-21 22:30:19.642581,17873.82,17877.47
2025-04-21 22:30:20.878803,17874.03,17877.43
2025-04-21 22:30:21.780138,17874.04,17876.94
2025-04-21 22:30:25.966439,17874.33,17876.73
2025-04-21 22:30:26.297220,17874.33,17875.48
2025-04-21 22:30:27.978614,17874.33,17876.48
2025-04-21 22:39:19.549728,17908.31,17910.21
2025-04-21 22:39:21.711203,17907.78,17909.93
2025-04-21 22:39:22.940975,17906.04,17909.94
2025-04-21 22:39:23.273195,17905.57,17909.72
2025-04-21 22:39:23.815483,17906.06,17909.46
2025-04-21 22:39:24.003038,17905.77,17909.42
2025-04-21 22:39:24.522016,17905.58,17909.48
2025-04-21 22:39:24.654675,17905.54,17909.19
2025-04-21 22:39:25.098605,17905.31,17908.96
2025-04-21 22:39:26.116868,17905.52,17908.67
2025-04-21 22:39:26.434548,17905.53,17908.18
2025-04-21 22:39:27.027549,17905.57,17908.47
2025-04-21 22:39:27.141382,17905.56,17908.21
2025-04-21 22:39:27.361060,17905.57,17908.47
2025-04-21 22:39:28.841478,17905.57,17908.22
2025-04-21 22:39:29.517049,17906.32,17907.97
2025-04-21 22:39:30.445651,17906.03,17907.93
2025-04-21 22:39:31.646361,17907.38,17908.43
2025-04-21 22:39:34.504236,17906.28,17908.43
2025-04-21 22:39:34.908854,17906.31,17907.96
2025-04-21 22:39:35.725073,17906.32,17908.47
2025-04-21 22:39:38.856753,17906.29,17908.69
2025-04-21 22:39:41.381131,17906.27,17908.42
2025-04-21 22:39:42.056447,17906.29,17908.69
2025-04-21 22:39:43.367379,17907.84,17908.89
2025-04-21 22:39:44.122729,17906.33,17908.73
2025-04-21 22:39:46.211828,17906.58,17908.73
2025-04-21 22:39:49.043920,17906.57,17909.22
2025-04-21 22:39:49.457500,17908.07,17909.47
2025-04-22 11:51:21.377364,18071.21,18072.75
2025-04-22 11:51:22.355502,18071.22,18072.51
2025-04-22 11:51:22.616152,18071.46,18072.75
2025-04-22 11:51:22.794695,18071.26,18072.8
2025-04-22 11:51:23.161648,18071.49,18072.78
2025-04-22 11:51:23.377531,18071.21,18072.75
2025-04-22 11:51:23.750866,18071.22,18072.51
2025-04-22 11:51:23.956560,18071.75,18072.79
2025-04-22 11:51:23.970673,18071.96,18073.25
2025-04-22 11:51:24.286843,18072.0,18073.29
2025-04-22 11:51:24.972755,18071.95,18073.49
2025-04-22 11:51:25.824573,18072.26,18073.55
2025-04-22 11:51:26.547236,18072.49,18073.53
2025-04-22 11:51:26.920797,18072.22,18073.51
2025-04-22 11:51:28.611851,18072.2,18073.24
2025-04-22 11:51:28.945725,18072.2,18073.49
2025-04-22 11:51:30.169147,18072.25,18073.79
2025-04-22 11:51:31.337430,18072.0,18073.54
2025-04-22 11:51:31.625756,18072.01,18073.55
2025-04-22 11:51:32.050507,18071.74,18073.28
2025-04-22 11:51:32.286904,18071.76,18073.05
2025-04-22 11:51:32.970152,18072.24,18073.53
2025-04-22 11:51:33.267309,18072.0,18073.54
2025-04-22 11:51:34.498660,18071.97,18073.26
2025-04-22 11:51:34.872733,18071.71,18073.0
2025-04-22 11:51:35.781184,18072.0,18073.54
2025-04-22 11:51:35.981397,18071.72,18073.26
2025-04-22 11:51:36.605109,18072.25,18073.54
2025-04-22 11:51:37.222410,18072.7,18074.24
2025-04-22 11:51:37.484374,18072.22,18073.76
2025-04-22 11:51:37.904665,18072.21,18073.5
2025-04-22 11:51:39.056190,18072.0,18073.54
2025-04-22 11:51:39.376012,18071.72,18073.01
2025-04-22 11:51:39.896360,18071.71,18072.75
2025-04-22 11:51:40.606522,18071.74,18073.03
2025-04-22 11:51:40.944440,18071.66,18072.56
2025-04-22 11:51:41.431557,18071.01,18072.3
2025-04-22 11:51:42.144082,18070.26,18072.05
2025-04-22 11:51:42.390315,18071.0,18072.54
2025-04-22 11:51:42.680871,18071.01,18072.3
2025-04-22 11:51:43.016195,18070.46,18072.0
2025-04-22 11:51:43.755518,18070.47,18072.01
2025-04-22 11:51:44.067817,18070.45,18072.49
2025-04-22 11:51:44.328873,18070.49,18071.78
2025-04-22 11:51:44.652069,18070.2,18071.74
2025-04-22 11:51:45.021576,18070.47,18071.51
2025-04-22 11:51:45.226770,18070.22,18071.76
2025-04-22 11:51:45.525193,18070.25,18071.79
2025-04-22 11:51:45.789925,18070.24,18071.53
2025-04-22 11:51:45.855426,18068.46,18069.75
2025-04-22 11:51:46.221835,18067.7,18068.99
2025-04-22 11:51:46.520410,18067.51,18069.05
2025-04-22 11:51:46.829691,18067.45,18068.74
2025-04-22 11:51:47.035415,18067.5,18068.79
2025-04-22 11:51:47.239682,18067.24,18068.53
2025-04-22 11:51:47.475212,18067.47,18069.01
2025-04-22 11:51:47.770886,18066.97,18068.26
2025-04-22 11:51:48.530722,18066.76,18068.05
2025-04-22 11:51:49.053007,18066.7,18068.24
2025-04-22 11:51:49.314906,18066.95,18067.99
2025-04-22 11:51:49.507658,18066.74,18067.78
2025-04-22 11:51:49.536408,18066.7,18067.99
2025-04-22 11:51:49.743897,18067.24,18068.28
2025-04-22 11:51:50.148483,18067.42,18068.32
2025-04-22 11:51:50.367517,18066.7,18067.74
2025-04-22 11:51:50.412565,18066.21,18067.75
2025-04-22 11:51:50.866290,18066.22,18067.51
2025-04-22 11:51:51.131185,18066.75,18068.04
2025-04-22 11:51:51.446021,18066.75,18068.29
2025-04-22 11:51:51.726308,18066.72,18067.76
2025-04-22 11:51:51.834392,18066.5,18068.04
2025-04-22 11:51:51.972141,18066.47,18067.51
2025-04-22 11:51:52.113529,18066.2,18067.49
2025-04-22 11:51:52.374715,18066.24,18068.03
2025-04-22 11:51:53.125091,18066.51,18067.55
2025-04-22 11:51:53.418915,18066.47,18067.76
2025-04-22 11:51:54.017872,18066.26,18067.55
2025-04-22 11:51:54.372238,18066.5,18067.54
2025-04-22 11:51:54.545660,18065.97,18067.26
2025-04-22 11:51:54.765555,18066.4,18067.3
2025-04-22 11:51:54.965065,18066.26,18067.3
2025-04-22 11:51:55.310353,18065.96,18067.5
2025-04-22 11:51:55.544987,18065.99,18067.53
2025-04-22 11:51:55.855616,18066.22,18067.51
2025-04-22 11:51:56.791821,18066.5,18067.54
2025-04-22 11:51:56.996112,18067.26,18068.55
2025-04-22 11:51:57.215253,18067.46,18068.5
2025-04-22 11:51:57.648717,18066.99,18068.78
2025-04-22 11:51:58.242066,18067.25,18068.79
2025-04-22 11:51:58.581382,18067.72,18068.76
2025-04-22 11:51:58.874914,18067.71,18069.0
2025-04-22 11:51:59.125626,18067.51,18069.05
2025-04-22 11:51:59.663195,18067.76,18069.05
2025-04-22 11:51:59.910681,18067.7,18069.24
2025-04-22 11:51:59.929113,18068.21,18069.25
2025-04-22 11:52:00.234139,18068.24,18069.28
2025-04-22 11:52:00.595080,18067.96,18069.0
2025-04-22 11:52:00.833687,18067.26,18068.8
2025-04-22 11:52:00.945639,18067.5,18069.04
2025-04-22 11:52:01.446045,18067.7,18068.99
2025-04-22 11:52:02.132390,18067.26,18068.8
2025-04-22 11:52:02.815818,18067.49,18069.03
2025-04-22 11:52:03.282973,18067.71,18068.75
2025-04-22 11:52:03.494836,18067.25,18068.54
2025-04-22 11:52:03.812439,18066.95,18068.49
2025-04-22 11:52:04.065264,18067.01,18068.05
2025-04-22 11:52:04.279011,18067.21,18068.25
2025-04-22 11:52:04.515032,18067.49,18068.53
2025-04-22 11:52:05.020995,18066.97,18068.26
2025-04-22 11:52:05.254303,18067.25,18068.29
2025-04-22 11:52:05.587080,18066.51,18067.8
2025-04-22 11:52:06.101609,18066.21,18067.75
2025-04-22 11:52:06.332681,18066.25,18067.54
2025-04-22 11:52:06.803546,18066.51,18067.55
2025-04-22 11:52:07.002455,18067.26,18068.8
2025-04-22 11:52:07.413309,18067.46,18068.75
2025-04-22 11:52:07.882116,18067.51,18068.55
2025-04-22 11:52:08.392822,18066.75,18068.04
2025-04-22 11:52:08.704207,18066.5,18067.79
2025-04-22 11:52:08.916995,18066.0,18067.79
2025-04-22 11:52:09.340405,18065.99,18067.78
2025-04-22 11:52:10.132498,18065.7,18067.49
2025-04-22 11:52:10.323055,18066.25,18067.29
2025-04-22 11:52:10.464393,18066.24,18067.53
2025-04-22 11:52:10.667564,18065.74,18067.28
2025-04-22 11:52:10.766383,18065.24,18066.78
2025-04-22 11:52:11.074289,18065.51,18066.8
2025-04-22 11:52:11.401973,18065.51,18066.55
2025-04-22 11:52:11.796376,18065.22,18066.51
2025-04-22 11:52:12.265905,18064.76,18065.8
2025-04-22 11:52:12.758562,18064.99,18066.53
2025-04-22 11:52:13.058108,18065.01,18066.3
2025-04-22 11:52:13.264176,18064.7,18065.99
2025-04-22 11:52:13.344673,18064.99,18066.03
2025-04-22 11:52:13.702053,18065.01,18066.3
2025-04-22 11:52:14.016082,18064.71,18066.25
2025-04-22 11:52:14.623446,18065.21,18066.75
2025-04-22 11:52:14.795139,18064.96,18066.25
2025-04-22 11:52:14.872125,18065.22,18066.51
2025-04-22 11:52:15.133823,18065.01,18066.55
2025-04-22 11:52:15.716831,18065.47,18066.76
2025-04-22 11:52:16.401635,18065.51,18067.05
2025-04-22 11:52:16.918805,18065.76,18066.8
2025-04-22 11:52:17.220039,18065.5,18066.79
2025-04-22 11:52:18.016681,18066.25,18067.54
2025-04-22 11:52:18.844213,18065.21,18066.5
2025-04-22 11:52:19.247983,18065.47,18066.51
2025-04-22 11:52:19.472675,18065.75,18067.04
2025-04-22 11:52:19.842662,18065.47,18066.76
2025-04-22 11:52:20.068300,18065.2,18066.74
2025-04-22 11:52:20.463763,18064.99,18066.53
2025-04-22 11:52:20.543702,18065.22,18066.26
2025-04-22 11:52:21.157532,18065.25,18066.54
2025-04-22 11:52:21.905196,18064.97,18066.51
2025-04-22 11:52:22.202430,18065.22,18066.51
2025-04-22 11:52:23.009857,18064.96,18066.5
2025-04-22 11:52:23.221360,18064.97,18066.51
2025-04-22 11:52:23.440038,18064.97,18066.01
2025-04-22 11:52:24.223391,18065.2,18066.74
2025-04-22 11:52:24.455873,18066.01,18067.05
2025-04-22 11:52:24.878548,18065.96,18067.25
2025-04-22 11:52:25.443822,18065.99,18067.28
2025-04-22 11:52:25.852108,18064.72,18066.01
2025-04-22 11:52:26.368181,18065.2,18066.49
2025-04-22 11:52:26.655448,18065.21,18066.5
2025-04-22 11:52:26.918313,18065.25,18066.29
2025-04-22 11:52:27.190245,18064.45,18065.99
2025-04-22 11:52:27.444627,18064.7,18065.99
2025-04-22 11:52:28.016357,18064.95,18065.99
2025-04-22 11:52:28.311959,18064.7,18065.99
2025-04-22 12:15:44.995395,18066.76,18068.05
2025-04-22 12:15:45.434032,18066.51,18068.05
2025-04-22 12:15:45.995481,18067.22,18068.51
2025-04-22 12:15:46.442460,18067.24,18068.28
2025-04-22 12:15:46.854029,18067.67,18068.57
2025-04-22 12:15:47.865075,18068.76,18070.05
2025-04-22 12:15:48.095912,18068.47,18070.01
2025-04-22 12:15:49.112908,18068.71,18070.0
2025-04-22 12:15:49.411176,18068.45,18069.74
2025-04-22 12:15:49.883998,18068.72,18070.01
2025-04-22 12:15:50.117157,18068.51,18069.8
2025-04-22 12:15:50.965479,18068.22,18069.51
2025-04-22 12:15:51.306147,18068.01,18069.55
2025-04-22 12:15:52.036875,18068.26,18069.55
2025-04-22 12:15:52.703607,18067.95,18069.49
2025-04-22 12:15:52.911025,18066.74,18068.03
2025-04-22 12:15:53.148442,18066.25,18068.04
2025-04-22 12:15:53.464189,18066.47,18067.76
2025-04-22 12:15:53.716932,18066.25,18067.79
2025-04-22 12:15:54.187097,18066.46,18068.0
2025-04-22 12:15:54.289259,18069.71,18071.0
2025-04-22 12:15:54.400492,18069.96,18071.0
2025-04-22 12:15:54.543559,18069.97,18071.51
2025-04-22 12:15:54.794616,18069.49,18071.03
2025-04-22 12:15:55.516590,18069.74,18071.03
2025-04-22 12:15:55.829405,18070.2,18071.49
2025-04-22 12:15:56.159518,18069.95,18071.49
2025-04-22 12:15:56.541702,18069.97,18071.51
2025-04-22 12:15:56.679696,18070.5,18071.79
2025-04-22 12:15:56.798092,18070.51,18071.8
2025-04-22 12:15:57.125275,18070.76,18072.05
2025-04-22 12:15:57.712766,18070.75,18072.04
2025-04-22 12:15:58.213474,18071.0,18072.29
2025-04-22 12:15:58.291602,18070.99,18072.53
2025-04-22 12:15:58.589536,18070.75,18072.04
2025-04-22 12:15:58.836866,18070.47,18072.01
2025-04-22 12:15:59.099033,18070.24,18072.28
2025-04-22 12:15:59.401493,18070.74,18072.03
2025-04-22 12:15:59.836999,18070.75,18072.04
2025-04-22 12:16:00.226810,18071.47,18072.76
2025-04-22 12:16:00.375374,18071.99,18073.03
2025-04-22 12:16:00.477243,18069.75,18071.29
2025-04-22 12:16:00.697874,18069.21,18071.0
2025-04-22 12:16:00.985295,18069.5,18070.79
2025-04-22 12:16:01.311253,18069.49,18071.03
2025-04-22 12:16:01.554275,18069.0,18070.54
2025-04-22 12:16:01.780351,18069.21,18070.75
2025-04-22 12:16:02.058777,18069.47,18070.76
2025-04-22 12:16:02.187883,18068.71,18070.5
2025-04-22 12:16:02.403577,18069.01,18070.3
2025-04-22 12:16:02.602130,18068.72,18070.51
2025-04-22 20:42:24.610274,18376.62,18377.92
2025-04-22 20:42:25.884644,18376.87,18377.92
2025-04-22 20:42:26.323029,18376.32,18377.87
2025-04-22 20:42:26.963007,18376.84,18377.89
2025-04-22 20:42:27.132966,18376.08,18377.88
2025-04-22 20:42:27.514219,18376.11,18377.41
2025-04-22 20:55:00.999992,18353.37,18354.92
2025-04-22 20:55:01.457018,18352.82,18354.87
2025-04-22 20:55:02.052675,18353.13,18355.18
2025-04-22 20:55:02.484147,18353.38,18355.43
2025-04-22 20:55:03.445699,18353.83,18356.23
2025-04-22 20:55:03.816535,18354.33,18356.23
2025-04-22 20:55:04.427271,18354.82,18356.22
2025-04-22 20:55:05.445075,18354.81,18356.71
2025-04-22 20:55:05.933672,18355.03,18356.43
2025-04-22 20:55:06.259157,18355.31,18356.96
2025-04-22 20:55:06.493173,18355.78,18356.93
2025-04-22 20:55:07.566537,18355.78,18357.18
2025-04-22 20:55:07.814172,18355.07,18356.72
2025-04-22 20:55:08.086832,18355.08,18356.98
2025-04-22 20:55:10.594164,18355.29,18356.94
2025-04-22 20:55:10.856729,18355.78,18356.93
2025-04-22 20:55:11.768367,18355.99,18357.04
2025-04-22 20:55:14.015827,18355.97,18357.02
2025-04-22 20:55:14.623000,18355.53,18356.93
2025-04-22 20:55:15.187895,18355.52,18356.92
2025-04-22 20:55:16.592805,18355.02,18356.92
2025-04-22 20:55:16.989237,18354.79,18356.94
2025-04-22 20:55:17.280181,18355.04,18356.94
2025-04-22 20:55:18.970554,18355.06,18356.96
2025-04-22 20:55:19.101648,18355.31,18357.21
2025-04-22 20:55:19.321493,18356.03,18357.18
2025-04-22 20:55:20.244301,18355.81,18357.21
2025-04-22 20:55:20.668900,18356.02,18357.17
2025-04-22 20:55:21.889382,18355.52,18357.17
2025-04-22 20:55:24.274900,18355.29,18357.19
2025-04-22 20:55:24.700972,18355.58,18357.23
2025-04-22 20:55:25.684134,18355.81,18357.21
2025-04-22 20:55:26.669146,18355.58,18357.23
2025-04-22 20:55:27.264973,18355.79,18357.19
2025-04-22 20:55:27.645447,18356.02,18357.17
2025-04-22 20:55:28.996138,18355.77,18357.17
2025-04-22 20:55:29.411232,18356.06,18358.21
2025-04-22 20:55:29.661564,18356.83,18358.48
2025-04-22 20:55:31.454397,18357.06,18358.46
2025-04-22 20:55:34.599118,18356.53,18358.43
2025-04-22 20:55:35.142455,18356.08,18358.23
2025-04-22 20:55:40.212911,18356.04,18357.19
2025-04-22 20:55:41.567581,18355.56,18357.21
2025-04-22 20:55:42.316105,18355.82,18357.22
2025-04-22 20:55:43.032265,18355.08,18356.23
2025-04-22 20:55:43.357425,18354.58,18356.23
2025-04-22 20:55:44.058809,18354.77,18356.17
2025-04-22 20:55:44.404939,18354.33,18355.98
2025-04-22 20:55:45.931265,18354.02,18355.92
2025-04-22 20:55:47.886898,18353.82,18355.97
2025-04-22 20:55:48.208100,18353.82,18355.72
2025-04-22 20:55:49.689171,18353.57,18355.72
2025-04-22 20:55:50.088580,18353.32,18355.72
2025-04-22 20:55:51.268333,18352.78,18355.68
2025-04-22 20:55:54.281413,18352.78,18355.43
2025-04-22 20:55:54.540523,18353.33,18354.48
2025-04-22 20:55:55.154793,18352.57,18354.22
2025-04-22 20:55:55.575045,18352.57,18353.72
2025-04-22 20:55:55.969380,18352.5,18353.55
2025-04-22 20:55:56.716699,18352.33,18353.38
2025-04-22 20:55:57.010302,18352.01,18353.06
2025-04-22 20:55:59.104784,18351.58,18352.73
2025-04-22 20:56:01.289604,18351.76,18352.81
2025-04-22 20:56:01.560057,18352.82,18353.97
2025-04-22 20:56:01.999773,18352.31,18353.71
2025-04-22 20:56:02.345001,18352.33,18355.23
2025-04-22 20:56:04.746518,18353.81,18355.21
2025-04-22 20:56:12.203402,18353.52,18355.17
2025-04-22 20:56:12.821646,18353.33,18355.23
2025-04-22 20:56:13.405614,18353.83,18355.23
2025-04-22 20:56:15.251106,18353.02,18355.17
2025-04-22 20:56:15.906452,18352.52,18355.17
2025-04-22 20:56:16.873645,18352.53,18354.93
2025-04-22 20:56:17.216001,18352.56,18354.46
2025-04-22 20:56:17.726073,18352.31,18354.21
2025-04-22 20:56:18.722663,18352.52,18353.92
2025-04-22 20:56:19.049603,18352.28,18353.43
2025-04-22 20:56:19.318227,18352.57,18354.22
2025-04-22 20:56:21.228526,18352.79,18354.19
2025-04-22 20:56:22.321445,18353.06,18354.21
2025-04-22 20:56:24.615850,18353.54,18355.19
2025-04-22 20:56:24.876374,18353.79,18355.19
2025-04-22 20:56:28.671449,18353.82,18356.47
2025-04-22 20:56:30.367899,18354.56,18356.46
2025-04-22 20:56:30.744420,18355.33,18356.48
2025-04-22 20:56:31.707646,18354.83,18356.48
2025-04-22 20:56:31.945415,18355.28,18356.93
2025-04-22 20:56:32.174614,18355.81,18356.96
2025-04-22 20:56:32.867938,18356.0,18357.05
2025-04-22 20:56:33.693361,18355.83,18357.48
2025-04-22 20:56:34.315467,18355.57,18357.47
2025-04-22 20:56:40.821326,18355.29,18357.44
2025-04-22 20:56:42.459316,18355.04,18357.44
2025-04-22 20:56:49.771750,18355.29,18357.44
2025-04-22 20:56:50.309009,18355.57,18357.47
2025-04-22 20:56:50.726010,18355.83,18357.48
2025-04-22 20:56:50.962699,18355.56,18357.46
2025-04-22 20:56:54.101072,18355.81,18357.46
2025-04-22 20:56:54.683921,18355.77,18357.17
2025-04-22 20:56:55.737410,18355.52,18356.67
2025-04-22 20:56:55.975634,18354.77,18356.42
2025-04-22 20:56:56.170085,18355.27,18356.42
2025-04-22 20:56:56.783303,18355.02,18356.42
2025-04-22 20:56:57.899742,18355.06,18356.21
2025-04-22 20:56:58.432298,18355.24,18356.29
2025-04-22 20:56:58.634104,18355.07,18356.72
2025-04-22 20:57:01.693202,18355.27,18356.67
2025-04-22 20:57:01.955472,18354.81,18356.21
2025-04-22 20:57:02.514074,18354.83,18356.98
2025-04-22 20:57:03.091825,18355.33,18356.98
2025-04-22 20:57:03.779434,18355.47,18356.52
2025-04-22 20:57:04.960452,18355.32,18356.97
2025-04-22 20:57:06.549483,18354.79,18356.94
2025-04-22 20:57:07.634078,18355.02,18356.92
2025-04-22 20:57:08.660224,18355.97,18357.02
2025-04-22 20:57:09.700403,18356.32,18357.47
2025-04-22 20:57:10.688569,18356.03,18357.43
2025-04-22 20:57:11.731961,18356.04,18357.44
2025-04-22 20:57:13.710750,18355.79,18357.44
2025-04-22 20:57:16.532768,18355.56,18357.46
2025-04-22 20:57:19.172780,18356.04,18357.44
2025-04-22 20:57:21.230187,18355.57,18357.47
2025-04-22 20:57:21.954757,18355.28,18357.43
2025-04-22 20:57:25.738682,18355.83,18357.98
2025-04-22 20:57:25.774341,18360.04,18361.44
2025-04-22 20:57:25.935388,18359.53,18361.18
2025-04-22 20:57:27.922750,18359.82,18361.22
2025-04-22 20:57:28.564393,18359.54,18360.69
2025-04-22 20:57:29.037101,18359.29,18360.69
2025-04-22 20:57:30.209540,18359.51,18360.56
2025-04-22 20:57:30.620948,18359.29,18360.44
2025-04-22 20:57:30.946676,18359.26,18360.31
2025-04-22 20:57:32.039484,18359.33,18360.38
2025-04-22 20:57:34.715071,18358.88,18359.93
2025-04-22 20:57:35.730878,18358.33,18359.73
2025-04-22 20:57:37.769793,18358.57,18359.72
2025-04-22 20:57:38.272832,18358.02,18359.42
2025-04-22 20:57:38.813915,18358.02,18359.17
2025-04-22 20:57:39.088520,18357.77,18359.17
2025-04-22 20:57:39.310185,18357.77,18358.92
2025-04-22 20:57:39.639671,18357.53,18358.68
2025-04-22 20:57:40.417219,18357.76,18358.81
2025-04-22 20:57:41.178281,18358.29,18359.94
2025-04-22 20:57:41.819619,18359.54,18360.69
2025-04-22 20:57:42.669916,18359.29,18360.69
2025-04-22 20:57:42.925170,18359.07,18360.72
2025-04-22 20:57:43.451364,18359.32,18360.72
2025-04-22 20:57:43.939492,18359.32,18360.47
2025-04-22 20:57:44.306642,18359.08,18360.23
2025-04-22 20:57:45.769968,18359.21,18360.26
2025-04-22 20:57:46.212958,18358.82,18360.22
2025-04-22 20:57:46.551841,18358.56,18359.96
2025-04-22 20:57:46.959091,18358.72,18359.77
2025-04-22 20:57:49.228636,18358.53,18359.68
2025-04-22 20:57:52.617406,18358.76,18359.81
2025-04-22 20:57:53.604078,18357.77,18358.92
2025-04-22 20:57:54.453555,18358.01,18359.06
2025-04-22 20:57:55.605728,18357.37,18358.42
2025-04-22 20:57:55.982828,18356.57,18358.22
2025-04-22 20:57:56.346828,18357.04,18358.19
2025-04-22 20:57:57.233056,18356.81,18358.21
2025-04-22 20:57:57.894863,18356.13,18357.18
2025-04-22 20:57:58.295331,18356.07,18357.47
2025-04-22 20:57:58.524833,18355.77,18357.42
2025-04-22 20:57:58.988656,18356.07,18357.22
2025-04-22 20:57:59.551949,18356.02,18357.42
2025-04-22 20:58:00.011637,18356.08,18357.23
2025-04-22 20:58:00.372194,18357.63,18358.68
2025-04-22 20:58:00.652961,18357.81,18359.46
2025-04-22 20:58:00.850551,18357.64,18359.59
2025-04-22 20:58:01.286937,18357.91,18359.61
2025-04-22 20:58:01.539419,18358.41,18360.11
2025-04-22 20:58:02.472035,18357.91,18360.11
2025-04-22 20:58:04.456936,18357.89,18359.09
2025-04-22 20:58:05.606974,18357.13,18359.08
2025-04-22 20:58:07.470505,18357.42,18359.12
2025-04-22 20:58:08.228392,18357.67,18359.12
2025-04-22 20:58:08.768262,18357.12,18359.07
2025-04-22 20:58:09.021313,18357.16,18358.86
2025-04-22 20:58:09.826665,18357.13,18358.58
2025-04-22 20:58:10.442818,18356.91,18358.36
2025-04-22 20:58:10.737733,18356.89,18358.59
2025-04-22 20:58:10.774759,18356.67,18358.37
2025-04-22 20:58:10.990284,18356.64,18358.09
2025-04-22 20:58:11.307790,18356.68,18357.88
2025-04-22 20:58:11.628230,18356.62,18357.67
2025-04-22 20:58:11.853764,18357.66,18359.11
2025-04-22 20:58:12.381492,18357.67,18359.12
2025-04-22 20:58:14.472893,18357.91,18359.11
2025-04-22 20:58:15.487569,18357.66,18358.86
2025-04-22 20:58:15.803562,18357.64,18359.09
2025-04-22 20:58:16.275222,18357.66,18359.11
2025-04-22 20:58:17.047696,18358.08,18359.13
2025-04-22 20:58:18.238926,18357.38,18359.08
2025-04-22 20:58:18.766601,18356.18,18357.88
2025-04-22 20:58:19.093657,18356.87,18357.92
2025-04-22 20:58:19.331695,18356.68,18357.88
2025-04-22 20:58:20.960181,18355.68,18357.88
2025-04-22 20:58:21.216785,18355.68,18356.88
2025-04-22 20:58:21.361199,18354.64,18356.34
2025-04-22 20:58:21.430709,18354.91,18356.36
2025-04-22 20:58:21.807357,18355.14,18356.34
2025-04-22 20:58:22.480393,18354.92,18356.37
2025-04-22 20:58:22.807730,18355.12,18357.07
2025-04-22 20:58:23.025389,18355.37,18357.07
2025-04-22 20:58:24.594451,18355.63,18357.08
2025-04-22 20:58:25.388244,18356.07,18357.12
2025-04-22 20:58:25.994882,18355.38,18357.08
2025-04-22 20:58:27.172455,18355.14,18357.09
2025-04-22 20:58:27.524230,18355.68,18357.13
2025-04-22 20:58:28.216069,18355.42,18357.12
2025-04-22 20:58:28.499604,18355.64,18357.09
2025-04-22 20:58:28.820411,18355.38,18357.08
2025-04-22 20:58:29.090051,18355.87,18357.07
2025-04-22 20:58:30.593046,18355.87,18357.32
2025-04-22 20:58:31.098373,18356.13,18358.08
2025-04-22 20:58:33.237650,18355.64,18358.09
2025-04-22 20:58:34.011054,18357.21,18358.26
2025-04-22 20:58:34.475301,18356.66,18358.86
2025-04-22 20:58:34.636929,18356.88,18358.83
2025-04-22 20:58:35.224031,18357.17,18358.87
2025-04-22 20:58:35.752091,18357.41,18358.86
2025-04-22 20:58:36.812802,18357.86,18358.91
2025-04-22 20:58:37.256303,18357.38,18358.83
2025-04-22 20:58:39.181145,18357.14,18358.84
2025-04-22 20:58:43.425191,18357.38,18358.43
2025-04-22 20:58:43.760079,18355.87,18357.32
2025-04-22 20:58:46.316295,18355.88,18357.08
2025-04-22 20:58:46.723660,18356.13,18357.18
2025-04-22 20:58:49.507125,18356.14,18357.59
2025-04-22 20:58:49.958537,18355.64,18357.34
2025-04-22 20:58:51.203321,18355.89,18357.09
2025-04-22 20:58:51.267283,18355.67,18357.12
2025-04-22 20:58:51.756422,18356.16,18357.36
2025-04-22 20:58:54.204519,18355.87,18357.32
2025-04-22 20:58:56.785607,18356.13,18357.18
2025-04-22 20:58:57.066502,18356.18,18357.63
2025-04-22 20:58:57.481580,18356.16,18357.61
2025-04-22 20:58:57.882752,18356.13,18357.33
2025-04-22 20:58:58.250323,18356.11,18357.16
2025-04-22 20:58:58.474213,18355.67,18357.12
2025-04-22 20:58:58.698460,18355.62,18357.32
2025-04-22 20:58:59.147238,18355.93,18357.38
2025-04-22 20:58:59.499038,18356.68,18358.13
2025-04-22 20:58:59.755304,18356.13,18357.58
2025-04-22 20:59:00.059584,18355.37,18357.57
2025-04-22 20:59:00.491373,18355.13,18357.58
2025-04-22 20:59:00.859624,18355.18,18357.38
2025-04-22 20:59:03.626758,18354.87,18357.32
2025-04-22 20:59:05.460601,18355.12,18357.32
2025-04-22 20:59:06.193141,18354.92,18357.37
2025-04-22 20:59:07.779737,18354.63,18357.33
2025-04-22 20:59:12.372690,18354.43,18357.38
2025-04-22 20:59:13.669819,18354.67,18357.37
2025-04-22 20:59:15.946093,18354.92,18357.37
2025-04-22 20:59:21.197601,18354.63,18357.33
2025-04-22 20:59:23.017926,18354.63,18356.08
2025-04-22 20:59:23.481236,18354.43,18356.13
2025-04-22 20:59:26.824933,18353.62,18356.07
2025-04-22 20:59:27.367400,18353.37,18354.82
2025-04-22 20:59:27.590286,18353.18,18354.88
2025-04-22 20:59:28.196889,18353.42,18355.12
2025-04-22 20:59:29.357133,18353.14,18355.09
2025-04-22 20:59:31.243987,18352.67,18355.12
2025-04-22 20:59:33.806610,18352.87,18355.07
2025-04-22 20:59:34.577630,18353.17,18354.87
2025-04-22 20:59:35.618832,18353.42,18354.87
2025-04-22 20:59:36.982412,18353.13,18354.83
2025-04-22 20:59:41.241358,18353.39,18354.84
2025-04-22 20:59:41.729258,18353.68,18355.13
2025-04-22 20:59:41.917910,18353.42,18355.12
2025-04-22 20:59:42.436301,18353.43,18355.38
2025-04-22 20:59:42.676694,18355.39,18357.34
2025-04-22 20:59:43.553086,18355.12,18357.32
2025-04-22 20:59:45.272367,18355.18,18357.63
2025-04-22 20:59:45.606418,18355.13,18357.08
2025-04-22 20:59:45.842306,18354.92,18356.87
2025-04-22 20:59:48.216330,18354.17,18356.87
2025-04-22 20:59:49.590297,18354.37,18356.82
2025-04-22 20:59:50.873326,18354.66,18356.86
2025-04-22 20:59:51.740198,18354.88,18356.58
2025-04-22 20:59:52.387858,18354.63,18355.68
2025-04-22 20:59:53.002238,18354.42,18355.62
2025-04-22 20:59:53.651704,18354.37,18355.82
2025-04-22 20:59:53.917100,18357.89,18359.84
2025-04-22 20:59:54.400251,18357.91,18359.61
2025-04-22 20:59:54.834154,18357.64,18359.59
2025-04-22 20:59:55.232949,18357.43,18359.63
2025-04-22 20:59:55.465613,18358.18,18359.88
2025-04-22 20:59:56.342819,18358.13,18359.58
2025-04-22 20:59:56.599505,18358.66,18359.86
2025-04-22 20:59:56.724149,18358.68,18360.38
2025-04-22 20:59:58.098721,18358.38,18360.33
2025-04-22 20:59:58.836073,18357.93,18360.38
2025-04-22 20:59:59.123826,18358.12,18360.32
2025-04-22 20:59:59.316604,18357.87,18360.32
2025-04-22 21:59:59.508888,18652.56,18656.16
2025-04-22 21:59:59.546276,18651.17,18658.49
2025-04-22 22:00:00.737403,18744.13,18747.83
2025-04-22 22:00:01.206365,18743.69,18747.83
2025-04-22 22:00:01.376825,18742.99,18744.36
2025-04-22 22:00:01.408391,18742.99,18744.8
2025-04-22 22:00:01.420910,18742.99,18745.43
2025-04-22 22:00:01.548661,18737.74,18738.79
2025-04-22 22:00:01.780945,18730.72,18731.77
2025-04-22 22:00:02.086007,18723.72,18724.77
2025-04-22 22:00:02.102840,18721.95,18723.0
2025-04-22 22:00:02.291198,18718.97,18720.02
2025-04-22 22:00:02.367402,18711.49,18712.54
2025-04-22 22:00:02.599916,18702.7,18703.75
2025-04-22 22:00:02.640913,18700.96,18702.01
2025-04-22 22:00:02.834416,18697.47,18698.52
2025-04-22 22:00:03.228859,18695.71,18696.76
2025-04-22 22:00:03.327770,18692.25,18693.3
2025-04-22 22:00:03.772017,18690.45,18691.5
2025-04-22 22:00:05.314560,18690.26,18691.5
2025-04-22 22:00:05.764845,18688.76,18689.81
2025-04-22 22:00:06.362522,18686.99,18688.04
2025-04-22 22:00:06.809746,18685.26,18686.31
2025-04-22 22:00:07.223125,18684.21,18685.26
2025-04-22 22:00:08.097299,18685.26,18686.31
2025-04-22 22:00:08.108603,18688.72,18689.77
2025-04-22 22:00:08.442157,18686.99,18688.04
2025-04-22 22:00:08.784778,18680.7,18681.75
2025-04-22 22:00:09.007816,18679.96,18681.01
2025-04-22 22:00:09.869839,18675.65,18679.8
2025-04-22 22:00:10.062281,18680.07,18681.47
2025-04-22 22:00:10.227078,18680.77,18683.42
2025-04-22 22:00:10.476339,18685.56,18687.71
2025-04-22 22:00:10.771181,18692.44,18696.59
2025-04-22 22:00:11.077687,18697.04,18700.19
2025-04-22 22:00:11.416442,18700.07,18702.72
2025-04-22 22:00:11.812228,18703.28,18706.43
2025-04-22 22:00:11.858557,18704.21,18708.36
2025-04-22 22:00:12.189548,18702.57,18705.97
2025-04-22 22:00:12.385777,18702.53,18706.18
2025-04-22 22:00:12.712607,18703.56,18706.46
2025-04-22 22:00:13.095572,18703.58,18705.98
2025-04-22 22:00:13.308251,18711.53,18714.68
2025-04-22 22:00:13.462022,18712.07,18716.22
2025-04-22 22:00:13.610476,18712.19,18716.34
2025-04-22 22:00:13.900229,18711.79,18715.69
2025-04-22 22:00:14.228972,18715.44,18719.59
2025-04-22 22:00:14.398594,18715.52,18719.67
2025-04-22 22:00:14.494588,18718.07,18721.47
2025-04-22 22:00:14.702241,18719.33,18723.48
2025-04-22 22:00:15.432099,18714.53,18718.68
2025-04-22 22:00:15.619027,18712.07,18714.22
2025-04-22 22:00:15.663615,18708.04,18712.19
2025-04-22 22:00:15.800117,18708.42,18712.57
2025-04-22 22:00:16.165373,18708.07,18711.97
2025-04-22 22:00:16.384280,18708.28,18710.93
2025-04-22 22:00:16.399273,18708.52,18709.92
2025-04-22 22:00:16.571682,18704.31,18708.46
2025-04-22 22:00:16.608678,18714.69,18718.84
2025-04-22 22:00:16.694820,18710.7,18714.85
2025-04-22 22:00:16.729826,18710.92,18715.07
2025-04-22 22:00:16.878653,18712.83,18716.48
2025-04-22 22:00:17.624907,18710.28,18713.18
2025-04-22 22:00:17.665833,18710.67,18714.82
2025-04-22 22:00:17.960062,18710.02,18714.17
2025-04-22 22:00:18.037279,18710.15,18714.3
2025-04-22 22:00:18.458211,18710.06,18713.96
2025-04-22 22:00:19.007476,18711.79,18715.94
2025-04-22 22:00:19.193156,18714.03,18718.18
2025-04-22 22:00:19.444591,18710.77,18714.92
2025-04-22 22:00:19.453100,18715.21,18719.36
2025-04-22 22:00:19.712458,18716.58,18719.98
2025-04-22 22:00:19.764069,18715.67,18719.82
2025-04-22 22:00:19.987446,18723.82,18727.97
2025-04-22 22:00:20.035577,18724.57,18728.72
2025-04-22 22:00:20.135487,18725.03,18729.18
2025-04-22 22:00:20.286070,18724.66,18728.81
2025-04-22 22:00:20.532538,18725.7,18729.85
2025-04-22 22:00:20.591562,18725.07,18726.12
2025-04-22 22:00:20.882383,18724.17,18728.32
2025-04-22 22:00:21.027734,18722.58,18726.73
2025-04-22 22:00:21.046501,18725.32,18729.47
2025-04-22 22:00:21.278283,18724.9,18729.05
2025-04-22 22:00:21.401894,18725.16,18729.31
2025-04-22 22:00:21.478452,18723.27,18727.42
2025-04-22 22:00:21.708590,18723.81,18726.96
2025-04-22 22:00:21.982620,18719.92,18724.07
2025-04-22 22:00:22.204560,18724.53,18726.68
2025-04-22 22:00:22.367692,18721.52,18725.67
2025-04-22 22:00:22.441798,18723.08,18726.73
2025-04-22 22:00:22.604963,18722.77,18726.67
2025-04-22 22:00:22.634751,18724.92,18729.07
2025-04-22 22:00:22.866466,18727.02,18729.92
2025-04-22 22:00:22.880973,18729.94,18734.09
2025-04-22 22:00:23.114144,18729.17,18733.32
2025-04-22 22:00:23.174547,18730.44,18734.59
2025-04-22 22:00:23.396484,18730.33,18734.48
2025-04-22 22:00:23.613124,18729.63,18730.68
2025-04-22 22:00:23.898826,18728.95,18733.1
2025-04-22 22:00:24.451705,18720.96,18725.11
2025-04-22 22:00:24.815216,18721.58,18725.48
2025-04-22 22:00:24.960599,18724.27,18728.42
2025-04-22 22:00:25.045506,18725.78,18729.93
2025-04-22 22:00:25.253202,18723.9,18728.05
2025-04-22 22:00:25.588781,18723.54,18727.69
2025-04-22 22:00:25.832032,18722.45,18726.6
2025-04-22 22:00:25.860812,18720.32,18724.47
2025-04-22 22:00:26.213293,18722.71,18726.86
2025-04-22 22:00:26.437332,18720.66,18724.81
2025-04-22 22:00:26.544777,18728.33,18732.23
2025-04-22 22:00:26.652293,18730.46,18731.51
2025-04-22 22:00:26.877916,18725.02,18729.17
2025-04-22 22:00:26.941159,18722.92,18727.07
2025-04-22 22:00:27.148882,18724.15,18728.3
2025-04-22 22:00:27.412583,18723.81,18727.96
2025-04-22 22:00:27.619775,18720.19,18724.34
2025-04-22 22:00:27.894391,18716.92,18721.07
2025-04-22 22:00:28.002529,18717.53,18721.68
2025-04-22 22:00:28.178922,18716.07,18720.22
2025-04-22 22:00:28.439618,18715.82,18719.97
2025-04-22 22:00:28.694097,18714.41,18718.56
2025-04-22 22:00:28.997445,18714.32,18718.47
2025-04-22 22:00:29.186377,18714.16,18718.31
2025-04-22 22:00:29.446632,18714.21,18718.36
2025-04-22 22:00:29.625021,18714.07,18717.97
2025-04-22 22:00:30.309612,18714.27,18717.92
2025-04-22 22:00:30.505604,18714.01,18715.06
2025-04-22 22:00:30.751488,18713.58,18717.73
2025-04-22 22:00:30.817849,18713.52,18716.42
2025-04-22 22:00:30.977162,18712.15,18716.3
2025-04-22 22:00:31.201514,18712.77,18715.42
2025-04-22 22:00:31.609241,18710.02,18714.17
2025-04-22 22:00:31.940892,18711.06,18713.46
2025-04-22 22:00:32.214671,18710.81,18712.96
2025-04-22 22:00:32.523455,18708.42,18712.57
2025-04-22 22:00:32.744007,18709.91,18714.06
2025-04-22 22:00:32.775336,18710.77,18714.92
2025-04-22 22:00:33.256647,18711.07,18715.22
2025-04-22 22:00:33.642203,18710.83,18713.98
2025-04-22 22:00:33.885254,18709.57,18713.72
2025-04-22 22:00:34.148362,18709.82,18713.72
2025-04-22 22:00:34.350473,18710.03,18713.68
2025-04-22 22:00:34.458063,18712.28,18715.43
2025-04-22 22:00:34.797439,18712.04,18715.44
2025-04-22 22:00:34.941624,18708.21,18709.26
2025-04-22 22:00:35.198396,18710.32,18714.47
2025-04-22 22:00:35.559593,18713.47,18714.52
2025-04-22 22:00:35.880719,18709.2,18713.35
2025-04-22 22:00:35.972883,18709.07,18713.22
2025-04-22 22:00:36.332829,18707.82,18710.97
2025-04-22 22:00:36.550357,18701.4,18705.55
2025-04-22 22:00:36.643770,18704.82,18707.22
2025-04-22 22:00:36.927255,18700.28,18704.43
2025-04-22 22:00:37.211328,18694.21,18698.36
2025-04-22 22:00:37.428868,18698.61,18699.66
2025-04-22 22:00:37.725343,18693.92,18698.07
2025-04-22 22:00:37.959312,18689.45,18693.6
2025-04-22 22:00:38.078739,18689.95,18694.1
2025-04-22 22:00:38.250551,18690.77,18694.92
2025-04-22 22:00:38.601445,18690.67,18694.82
2025-04-22 22:00:38.862583,18690.56,18694.71
2025-04-22 22:00:39.140222,18690.52,18694.67
2025-04-22 22:00:39.218397,18689.2,18693.35
2025-04-22 22:00:39.358725,18691.77,18695.42
2025-04-22 22:00:39.751076,18690.08,18694.23
2025-04-22 22:00:39.983846,18690.4,18694.55
2025-04-22 22:00:40.029844,18689.71,18693.86
2025-04-22 22:00:40.218149,18690.03,18694.18
2025-04-22 22:00:40.387002,18688.57,18692.72
2025-04-22 22:00:40.515443,18688.56,18692.71
2025-04-22 22:00:40.700443,18689.41,18693.56
2025-04-22 22:00:40.824877,18692.97,18694.02
2025-04-22 22:00:41.444446,18689.79,18693.44
2025-04-22 22:00:41.816502,18692.77,18696.17
2025-04-22 22:00:41.940965,18696.03,18698.43
2025-04-22 22:00:42.099861,18694.54,18698.19
2025-04-22 22:00:42.330350,18697.9,18702.05
2025-04-22 22:00:42.404234,18697.82,18701.97
2025-04-22 22:00:42.604786,18697.81,18701.96
2025-04-22 22:00:42.804673,18698.9,18703.05
2025-04-22 22:00:43.443861,18699.07,18703.22
2025-04-22 22:00:43.723952,18701.32,18705.22
2025-04-22 22:00:44.306770,18698.29,18702.44
2025-04-22 22:00:44.499458,18700.06,18704.21
2025-04-22 22:00:44.737362,18700.54,18704.69
2025-04-22 22:00:45.090490,18700.66,18704.81
2025-04-22 22:00:45.336304,18700.27,18704.42
2025-04-22 22:00:45.653843,18700.53,18704.68
2025-04-22 22:00:46.192354,18700.19,18704.34
2025-04-22 22:00:46.390640,18698.57,18702.72
2025-04-22 22:00:46.634756,18697.4,18701.55
2025-04-22 22:00:46.852945,18697.28,18699.93
2025-04-22 22:00:47.222628,18694.45,18698.6
2025-04-22 22:00:47.476977,18694.53,18698.68
2025-04-22 22:00:47.721640,18694.07,18698.22
2025-04-22 22:00:47.750664,18694.07,18695.47
2025-04-22 22:00:48.078718,18694.95,18699.1
2025-04-22 22:00:48.465508,18694.53,18697.93
2025-04-22 22:00:48.690199,18694.28,18697.93
2025-04-22 22:00:48.935185,18694.32,18697.72
2025-04-22 22:00:49.399745,18693.32,18697.22
2025-04-22 22:00:49.471699,18693.28,18697.43
2025-04-22 22:00:49.676574,18692.52,18696.17
2025-04-22 22:00:49.882432,18692.03,18696.18
2025-04-22 22:00:50.166121,18690.83,18693.98
2025-04-22 22:00:50.698821,18688.46,18692.61
2025-04-22 22:00:50.970192,18688.32,18692.47
2025-04-22 22:00:51.169513,18685.07,18689.22
2025-04-22 22:00:51.400309,18681.96,18686.11
2025-04-22 22:00:51.681253,18676.81,18679.71
2025-04-22 22:00:51.939882,18681.96,18686.11
2025-04-22 22:00:52.206924,18687.58,18691.73
2025-04-22 22:00:52.450767,18682.28,18686.43
2025-04-22 22:00:52.792563,18678.46,18682.61
2025-04-22 22:00:53.022444,18683.7,18687.85
2025-04-22 22:00:53.374757,18685.17,18689.32
2025-04-22 22:00:53.625193,18687.03,18691.18
2025-04-22 22:00:53.989145,18686.27,18689.92
2025-04-22 22:00:54.212261,18683.66,18687.81
2025-04-22 22:00:54.444945,18684.81,18688.96
2025-04-22 22:00:54.711006,18679.83,18683.73
2025-04-22 22:00:55.168410,18676.44,18680.59
2025-04-22 22:00:55.446023,18674.81,18677.21
2025-04-22 22:00:55.761476,18670.94,18675.09
2025-04-22 22:00:56.069570,18673.32,18677.47
2025-04-22 22:00:56.436298,18674.54,18678.44
2025-04-22 22:00:56.702160,18674.07,18678.22
2025-04-22 22:00:56.968588,18676.58,18680.23
2025-04-22 22:00:57.440455,18677.21,18681.36
2025-04-22 22:00:57.682872,18679.06,18682.71
2025-04-22 22:00:57.954536,18681.21,18685.36
2025-04-22 22:00:58.184438,18679.29,18683.44
2025-04-22 22:00:58.357815,18674.08,18678.23
2025-04-22 22:00:58.762176,18675.07,18679.22
2025-04-22 22:00:59.186345,18678.02,18682.17
2025-04-22 22:00:59.389651,18678.33,18681.73
2025-04-22 22:00:59.714574,18669.91,18674.06
2025-04-22 22:00:59.942760,18672.29,18676.19
2025-04-22 22:01:00.195451,18667.28,18671.43
2025-04-22 22:01:00.459332,18668.46,18672.61
2025-04-22 22:01:00.760268,18672.57,18675.97
2025-04-22 22:01:00.976302,18675.07,18676.72
2025-04-22 22:01:01.226647,18673.67,18677.82
2025-04-22 22:01:01.461199,18673.17,18677.32
2025-04-22 22:01:01.789823,18679.03,18683.18
2025-04-22 22:01:02.092045,18679.52,18682.92
2025-04-22 22:01:02.324679,18680.21,18684.36
2025-04-22 22:01:02.555237,18673.29,18677.44
2025-04-22 22:01:02.750603,18677.52,18679.67
2025-04-22 22:01:02.950764,18674.77,18678.92
2025-04-22 22:01:03.299131,18676.03,18680.18
2025-04-22 22:01:03.528324,18676.04,18680.19
2025-04-22 22:01:03.749525,18677.02,18681.17
2025-04-22 22:01:03.979520,18675.53,18679.68
2025-04-22 22:01:04.368072,18677.08,18680.98
2025-04-22 22:01:04.628309,18676.54,18680.69
2025-04-22 22:01:04.875443,18677.29,18680.19
2025-04-22 22:01:05.103071,18676.96,18681.11
2025-04-22 22:01:05.279717,18676.52,18679.92
2025-04-22 22:01:05.535426,18677.27,18679.92
2025-04-22 22:01:05.756035,18677.52,18681.67
2025-04-22 22:01:06.002512,18677.32,18681.47
2025-04-22 22:01:06.409512,18678.83,18682.98
2025-04-22 22:01:06.619118,18678.9,18683.05
2025-04-22 22:01:06.862056,18679.28,18682.93
2025-04-22 22:01:07.752457,18678.04,18681.19
2025-04-22 22:01:08.246257,18677.28,18681.43
2025-04-22 22:01:08.368424,18680.57,18684.72
2025-04-22 22:01:08.600669,18681.58,18685.73
2025-04-22 22:01:08.994791,18677.77,18681.92
2025-04-22 22:01:09.286837,18676.04,18679.69
2025-04-22 22:01:09.488796,18675.56,18679.21
2025-04-22 22:01:09.663159,18679.4,18683.55
2025-04-22 22:01:10.099522,18681.82,18685.47
2025-04-22 22:01:10.419816,18682.08,18685.73
2025-04-22 22:01:10.738316,18682.08,18685.48
2025-04-22 22:01:11.114859,18681.78,18684.93
2025-04-22 22:01:11.705303,18679.53,18681.93
2025-04-22 22:01:11.909281,18675.15,18679.3
2025-04-22 22:01:12.151117,18678.56,18682.71
2025-04-22 22:01:12.443779,18677.67,18681.82
2025-04-22 22:01:12.831285,18676.56,18680.71
2025-04-22 22:01:12.962521,18676.29,18680.44
2025-04-22 22:01:13.756904,18676.58,18680.48
2025-04-22 22:01:14.414011,18678.02,18681.17
2025-04-22 22:01:14.736591,18678.07,18681.22
2025-04-22 22:01:14.890857,18678.02,18680.17
2025-04-22 22:01:15.113700,18680.21,18684.36
2025-04-22 22:01:15.433097,18681.08,18685.23
2025-04-22 22:01:15.643979,18680.04,18683.44
2025-04-22 22:01:15.937621,18680.07,18683.22
2025-04-22 22:01:16.138846,18679.78,18682.68
2025-04-22 22:01:16.357048,18678.54,18681.94
2025-04-22 22:01:16.748634,18679.07,18682.22
2025-04-22 22:01:17.022551,18679.83,18683.73
2025-04-22 22:01:17.260860,18680.03,18683.43
2025-04-22 22:01:17.492244,18680.82,18683.72
2025-04-22 22:01:17.755072,18680.77,18683.42
2025-04-22 22:01:18.134681,18681.06,18683.71
2025-04-22 22:01:18.384792,18680.79,18683.69
2025-04-22 22:01:18.610298,18680.54,18683.69
2025-04-22 22:01:18.826003,18680.53,18683.43
2025-04-22 22:01:19.045940,18681.08,18685.23
2025-04-22 22:01:19.293581,18682.31,18685.46
2025-04-22 22:01:19.790682,18683.06,18685.21
2025-04-22 22:01:19.985607,18684.33,18685.48
2025-04-22 22:01:20.234520,18683.08,18685.23
2025-04-22 22:01:20.822743,18683.28,18685.43
2025-04-22 22:01:21.351342,18683.07,18685.22
2025-04-22 22:01:21.557132,18681.03,18685.18
2025-04-22 22:01:21.790793,18681.42,18685.57
2025-04-22 22:01:22.054870,18681.78,18685.68
2025-04-22 22:01:22.406976,18681.08,18685.23
2025-04-22 22:01:22.613441,18675.21,18679.36
2025-04-22 22:01:23.170105,18674.83,18678.98
2025-04-22 22:01:23.421992,18673.95,18678.1
2025-04-22 22:01:23.656582,18673.9,18678.05
2025-04-22 22:01:35.176870,18677.06,18680.46
2025-04-22 22:01:35.413304,18678.77,18680.42
2025-04-22 22:01:35.881839,18676.83,18679.98
2025-04-22 22:01:36.007007,18676.32,18680.22
2025-04-22 22:01:36.118754,18675.79,18679.44
2025-04-22 22:01:36.509768,18676.08,18679.48
2025-04-22 22:01:36.724609,18676.32,18680.22
2025-04-22 22:01:36.804684,18676.28,18679.68
2025-04-22 22:01:37.025305,18673.81,18677.21
2025-04-22 22:01:37.196834,18673.83,18677.48
2025-04-22 22:01:37.341658,18673.79,18677.44
2025-04-22 22:01:37.692394,18673.81,18677.21
2025-04-22 22:01:37.903338,18673.79,18676.69
2025-04-22 22:01:38.028038,18674.32,18677.47
2025-04-22 22:01:38.133763,18674.27,18677.92
2025-04-22 22:01:38.337636,18674.82,18676.97
2025-04-22 22:01:38.516234,18674.79,18677.94
2025-04-22 22:01:38.814938,18674.78,18677.43
2025-04-22 22:01:39.001773,18673.07,18676.22
2025-04-22 22:01:39.454106,18674.29,18676.19
2025-04-22 22:01:39.749708,18673.28,18676.18
2025-04-22 22:01:39.914507,18672.52,18676.17
2025-04-22 22:01:40.178104,18673.82,18675.97
2025-04-22 22:01:40.532730,18672.57,18675.97
2025-04-22 22:01:40.794644,18674.27,18677.92
2025-04-22 22:01:41.071589,18674.28,18677.68
2025-04-22 22:01:41.403247,18673.79,18677.19
2025-04-22 22:01:41.620651,18673.54,18676.44
2025-04-22 22:01:41.874853,18672.78,18676.68
2025-04-22 22:01:42.315536,18672.77,18676.17
2025-04-22 22:01:42.645790,18674.03,18676.68
2025-04-22 22:01:42.864975,18675.03,18677.18
2025-04-22 22:01:43.228595,18676.33,18680.23
2025-04-22 22:01:43.525301,18677.31,18680.21
2025-04-22 22:01:44.007070,18679.08,18680.13
2025-04-22 22:01:44.116889,18675.71,18679.86
2025-04-22 22:01:44.342630,18676.52,18680.42
2025-04-22 22:01:44.730791,18677.57,18680.72
2025-04-22 22:01:45.006123,18681.03,18682.68
2025-04-22 22:01:45.281568,18677.08,18680.23
2025-04-22 22:01:45.506227,18680.33,18684.23
2025-04-22 22:01:45.723320,18680.08,18681.13
2025-04-22 22:01:45.927044,18681.82,18684.47
2025-04-22 22:01:46.484639,18680.58,18682.73
2025-04-22 22:01:46.749425,18680.77,18684.42
2025-04-22 22:01:46.977420,18682.77,18686.67
2025-04-22 22:01:47.156283,18679.56,18683.71
2025-04-22 22:01:47.395807,18681.65,18685.8
2025-04-22 22:01:47.626328,18684.31,18687.96
2025-04-22 22:01:47.850010,18684.27,18687.42
2025-04-22 22:01:48.148545,18685.27,18687.92
2025-04-22 22:01:48.392073,18686.27,18688.67
2025-04-22 22:01:48.722381,18686.33,18688.98
2025-04-22 22:01:49.013443,18687.54,18688.69
2025-04-22 22:01:49.097949,18687.54,18690.69
2025-04-22 22:01:49.245246,18688.82,18691.22
2025-04-22 22:01:49.468186,18689.57,18693.47
2025-04-22 22:01:49.886020,18689.78,18693.43
2025-04-22 22:01:50.098141,18690.82,18693.97
2025-04-22 22:01:50.366128,18691.07,18693.72
2025-04-22 22:01:50.552504,18687.57,18691.47
2025-04-22 22:01:50.836484,18689.06,18691.46
2025-04-22 22:01:51.073852,18690.54,18694.44
2025-04-22 22:01:51.346090,18690.29,18694.44
2025-04-22 22:01:51.764986,18690.82,18692.97
2025-04-22 22:01:52.034175,18690.28,18692.43
2025-04-22 22:01:52.331042,18688.28,18692.18
2025-04-22 22:01:52.536600,18690.78,18694.68
2025-04-22 22:01:52.760268,18691.02,18694.67
2025-04-22 22:01:52.901511,18689.96,18694.11
2025-04-22 22:01:53.011987,18690.56,18694.71
2025-04-22 22:01:53.226266,18691.06,18694.21
2025-04-22 22:01:53.812546,18691.02,18693.92
2025-04-22 22:01:54.204717,18691.02,18694.17
2025-04-22 22:01:54.333682,18690.56,18693.96
2025-04-22 22:01:54.873094,18693.58,18695.98
2025-04-22 22:01:54.934255,18694.54,18698.44
2025-04-22 22:01:55.118980,18695.4,18699.55
2025-04-22 22:01:55.392203,18695.58,18699.73
2025-04-22 22:01:55.773810,18696.53,18699.93
2025-04-22 22:01:55.942382,18697.31,18700.21
2025-04-22 22:01:55.997070,18697.57,18700.97
2025-04-22 22:01:56.280770,18698.03,18701.93
2025-04-22 22:01:56.478321,18699.07,18702.47
2025-04-22 22:01:56.802633,18699.29,18702.44
2025-04-22 22:01:56.923466,18699.58,18702.23
2025-04-22 22:01:57.727900,18700.03,18702.93
2025-04-22 22:01:57.835090,18701.56,18703.71
2025-04-22 22:01:58.102045,18703.04,18706.44
2025-04-22 22:01:58.194096,18705.31,18708.71
2025-04-22 22:01:58.526641,18705.58,18708.48
2025-04-22 22:01:58.858525,18705.78,18708.43
2025-04-22 22:01:58.936763,18701.92,18706.07
2025-04-22 22:01:59.030590,18702.19,18706.34
2025-04-22 22:01:59.203281,18704.31,18708.46
2025-04-22 22:01:59.436740,18705.46,18709.61
2025-04-22 22:01:59.670689,18704.32,18708.47
2025-04-22 22:01:59.794975,18704.32,18708.22
2025-04-22 22:02:00.027929,18708.03,18711.43
2025-04-22 22:02:00.420961,18706.03,18709.18
2025-04-22 22:02:00.697137,18706.31,18709.46
2025-04-22 22:02:01.017820,18706.57,18709.47
2025-04-22 22:02:01.222744,18705.53,18709.18
2025-04-22 22:02:01.267690,18705.82,18709.22
2025-04-22 22:02:01.505354,18708.57,18711.72
2025-04-22 22:02:01.598136,18708.28,18710.93
2025-04-22 22:02:01.837037,18707.29,18709.69
2025-04-22 22:02:02.106044,18707.56,18709.96
2025-04-22 22:02:02.400714,18707.81,18710.21
2025-04-22 22:02:02.430692,18707.27,18709.92
2025-04-22 22:02:02.674813,18707.58,18709.98
2025-04-22 22:02:02.688858,18708.77,18710.67
2025-04-22 22:02:02.914711,18709.04,18712.19
2025-04-22 22:02:02.985442,18714.56,18717.46
2025-04-22 22:02:03.150379,18713.21,18717.36
2025-04-22 22:02:03.320736,18713.53,18717.43
2025-04-22 22:02:03.419341,18713.33,18716.73
2025-04-22 22:02:03.686161,18714.81,18717.71
2025-04-22 22:02:04.000407,18715.02,18718.17
2025-04-22 22:02:04.260227,18718.78,18720.43
2025-04-22 22:02:04.485924,18719.58,18722.23
2025-04-22 22:02:04.591564,18719.28,18723.43
2025-04-22 22:02:04.703131,18722.78,18726.43
2025-04-22 22:02:05.041426,18718.44,18722.59
2025-04-22 22:02:05.369030,18723.06,18726.46
2025-04-22 22:02:05.490852,18723.54,18726.94
2025-04-22 22:02:05.677739,18722.79,18726.19
2025-04-22 22:02:05.888806,18720.29,18724.44
2025-04-22 22:02:06.125124,18722.52,18726.42
2025-04-22 22:02:06.456221,18722.65,18726.8
2025-04-22 22:02:06.647579,18719.06,18722.96
2025-04-22 22:02:06.715606,18718.53,18721.93
2025-04-22 22:02:06.985669,18715.29,18719.44
2025-04-22 22:02:07.210098,18718.16,18722.31
2025-04-22 22:02:07.346118,18718.17,18722.32
2025-04-22 22:02:07.459136,18719.07,18723.22
2025-04-22 22:02:07.617446,18716.71,18720.86
2025-04-22 22:02:07.682013,18716.66,18720.81
2025-04-22 22:02:07.895599,18717.16,18721.31
2025-04-22 22:02:07.972510,18716.53,18720.43
2025-04-22 22:02:08.186294,18717.77,18720.67
2025-04-22 22:02:08.417174,18717.79,18721.69
2025-04-22 22:02:08.598535,18717.81,18721.46
2025-04-22 22:02:08.677910,18717.53,18721.68
2025-04-22 22:02:08.882401,18718.79,18721.69
2025-04-22 22:02:08.900129,18717.56,18721.71
2025-04-22 22:02:09.132356,18716.77,18719.17
2025-04-22 22:02:09.363579,18711.57,18715.72
2025-04-22 22:02:09.603320,18717.56,18721.21
2025-04-22 22:02:09.776074,18719.77,18722.67
2025-04-22 22:02:09.793354,18719.54,18722.44
2025-04-22 22:02:10.062395,18719.77,18722.42
2025-04-22 22:02:10.105019,18719.31,18722.46
2025-04-22 22:02:10.232229,18721.27,18724.42
2025-04-22 22:02:10.301557,18722.42,18726.57
2025-04-22 22:02:10.499202,18722.78,18726.18
2025-04-22 22:02:10.574468,18722.07,18726.22
2025-04-22 22:02:10.734610,18723.02,18725.92
2025-04-22 22:02:10.823610,18721.56,18724.46
2025-04-22 22:02:11.014060,18722.08,18725.98
2025-04-22 22:02:11.169217,18724.52,18728.17
2025-04-22 22:02:11.551896,18724.52,18727.67
2025-04-22 22:02:11.601766,18727.58,18728.98
2025-04-22 22:02:11.803396,18726.31,18730.46
2025-04-22 22:02:11.898034,18726.29,18730.44
2025-04-22 22:02:12.007715,18724.67,18728.82
2025-04-22 22:02:12.115525,18725.46,18729.61
2025-04-22 22:02:12.267181,18727.56,18730.71
2025-04-22 22:02:12.584362,18721.29,18723.94
2025-04-22 22:02:12.850583,18724.54,18728.69
2025-04-22 22:02:13.199643,18722.77,18724.92
2025-04-22 22:02:13.467942,18726.52,18730.17
2025-04-22 22:02:13.720145,18727.82,18730.97
2025-04-22 22:02:13.854677,18729.02,18730.42
2025-04-22 22:02:13.950728,18729.78,18732.93
2025-04-22 22:02:14.133003,18730.58,18733.73
2025-04-22 22:02:14.244613,18732.78,18736.43
2025-04-22 22:02:14.491110,18733.08,18735.48
2025-04-22 22:02:14.811133,18731.08,18733.48
2025-04-22 22:02:14.936207,18732.27,18736.17
2025-04-22 22:02:15.093774,18734.45,18738.6
2025-04-22 22:02:15.359290,18734.52,18737.92
2025-04-22 22:02:15.565971,18733.56,18736.21
2025-04-22 22:02:15.770139,18731.06,18735.21
2025-04-22 22:02:16.001595,18730.53,18734.43
2025-04-22 22:02:16.207046,18729.08,18732.23
2025-04-22 22:02:16.483670,18718.94,18723.09
2025-04-22 22:02:16.866516,18717.95,18722.1
2025-04-22 22:02:17.090303,18715.57,18719.72
2025-04-22 22:02:17.318948,18715.31,18718.96
2025-04-22 22:02:17.522397,18714.66,18718.81
2025-04-22 22:02:17.996551,18715.65,18719.8
2025-04-22 22:02:18.249244,18714.4,18718.55
2025-04-22 22:02:18.566266,18714.82,18718.97
2025-04-22 22:02:18.823209,18714.56,18718.21
2025-04-22 22:02:19.169989,18724.33,18728.48
2025-04-22 22:02:19.465225,18724.83,18728.73
2025-04-22 22:02:19.665192,18723.06,18727.21
2025-04-22 22:02:19.898306,18721.08,18725.23
2025-04-22 22:02:20.224218,18719.96,18724.11
2025-04-22 22:02:20.444738,18720.16,18724.31
2025-04-22 22:02:20.680259,18720.27,18724.42
2025-04-22 22:02:20.772760,18721.56,18725.71
2025-04-22 22:02:21.643290,18723.77,18726.42
2025-04-22 22:02:21.926692,18725.31,18728.71
2025-04-22 22:02:22.039411,18730.07,18733.22
2025-04-22 22:02:22.192748,18730.58,18733.98
2025-04-22 22:02:22.450973,18730.04,18733.94
2025-04-22 22:02:22.696994,18732.02,18736.17
2025-04-22 22:02:22.932212,18733.82,18737.47
2025-04-22 22:02:23.188064,18733.03,18736.93
2025-04-22 22:02:23.403919,18733.33,18736.73
2025-04-22 22:02:23.729529,18733.56,18736.96
2025-04-22 22:02:24.007305,18729.52,18733.42
2025-04-22 22:02:24.180507,18730.27,18734.42
2025-04-22 22:02:24.259045,18732.04,18733.69
2025-04-22 22:02:24.460973,18732.58,18735.73
2025-04-22 22:02:24.918768,18730.44,18734.59
2025-04-22 22:02:25.328900,18729.82,18733.22
2025-04-22 22:02:25.796232,18730.03,18733.93
2025-04-22 22:02:26.223168,18730.06,18733.46
2025-04-22 22:02:26.343343,18730.31,18733.46
2025-04-22 22:02:26.643401,18730.33,18733.98
2025-04-22 22:02:26.898325,18730.08,18733.98
2025-04-22 22:02:27.227856,18730.44,18734.59
2025-04-22 22:02:27.449616,18733.9,18738.05
2025-04-22 22:02:27.647950,18737.31,18739.96
2025-04-22 22:02:27.902854,18735.82,18738.47
2025-04-22 22:02:28.179023,18735.28,18738.18
2025-04-22 22:02:28.414270,18736.53,18740.68
2025-04-22 22:02:28.677818,18733.17,18737.32
2025-04-22 22:02:29.113909,18733.82,18737.72
2025-04-22 22:02:29.363759,18732.82,18736.97
2025-04-22 22:02:29.670941,18735.77,18738.42
2025-04-22 22:02:29.899594,18729.52,18733.17
2025-04-22 22:02:30.215166,18729.56,18733.71
2025-04-22 22:02:30.493507,18732.31,18736.46
2025-04-22 22:02:30.753603,18731.83,18735.98
2025-04-22 22:02:31.050155,18731.58,18735.73
2025-04-22 22:02:31.442438,18733.28,18737.43
2025-04-22 22:02:31.763025,18733.31,18737.46
2025-04-22 22:02:32.136881,18731.66,18735.81
2025-04-22 22:02:32.345376,18732.33,18735.73
2025-04-22 22:02:32.607258,18729.52,18733.42
2025-04-22 22:02:32.851995,18722.28,18726.18
2025-04-22 22:02:33.101799,18723.03,18727.18
2025-04-22 22:02:33.342446,18722.32,18726.47
2025-04-22 22:02:33.689942,18721.2,18725.35
2025-04-22 22:02:33.930727,18727.56,18731.21
2025-04-22 22:02:34.180603,18728.19,18732.34
2025-04-22 22:02:34.445061,18728.57,18732.72
2025-04-22 22:02:34.932935,18728.78,18732.18
2025-04-22 22:02:34.948149,18729.33,18732.23
2025-04-22 22:02:35.212624,18729.32,18732.22
2025-04-22 22:02:35.809790,18729.57,18733.72
2025-04-22 22:02:36.003953,18732.03,18735.93
2025-04-22 22:02:36.098422,18734.78,18738.18
2025-04-22 22:02:36.348406,18733.83,18737.98
2025-04-22 22:02:36.596841,18735.28,18738.18
2025-04-22 22:02:36.915043,18741.08,18742.23
2025-04-22 22:02:37.140521,18740.82,18744.47
2025-04-22 22:02:37.462373,18739.69,18743.84
2025-04-22 22:02:37.754192,18739.78,18743.43
2025-04-22 22:02:38.167538,18735.95,18740.1
2025-04-22 22:02:38.395069,18736.57,18740.47
2025-04-22 22:02:38.614053,18737.04,18741.19
2025-04-22 22:02:38.862014,18739.56,18741.96
2025-04-22 22:02:38.968394,18740.57,18742.22
2025-04-22 22:02:39.126784,18740.79,18744.19
2025-04-22 22:02:39.436640,18740.52,18744.17
2025-04-22 22:02:39.562331,18735.7,18739.85
2025-04-22 22:02:39.687663,18738.58,18741.73
2025-04-22 22:02:39.780900,18736.52,18740.67
2025-04-22 22:02:39.944475,18737.02,18740.67
2025-04-22 22:02:40.160851,18739.59,18740.64
2025-04-22 22:02:40.234080,18736.04,18740.19
2025-04-22 22:02:40.468993,18734.92,18739.07
2025-04-22 22:02:40.919409,18734.41,18738.56
2025-04-22 22:02:40.968295,18734.4,18738.55
2025-04-22 22:02:41.297264,18735.53,18739.68
2025-04-22 22:02:41.547792,18734.27,18738.42
2025-04-22 22:02:41.766356,18733.95,18738.1
2025-04-22 22:02:41.996777,18734.06,18738.21
2025-04-22 22:02:42.367626,18736.28,18740.18
2025-04-22 22:02:42.572469,18740.52,18744.17
2025-04-22 22:02:42.799087,18741.79,18744.19
2025-04-22 22:02:43.004538,18742.52,18744.17
2025-04-22 22:02:43.258498,18744.27,18747.67
2025-04-22 22:02:43.511211,18744.57,18747.72
2025-04-22 22:02:43.606729,18746.06,18749.46
2025-04-22 22:02:43.743516,18745.27,18748.92
2025-04-22 22:02:44.277670,18744.83,18747.98
2025-04-22 22:02:44.654553,18743.07,18746.97
2025-04-22 22:02:44.850761,18744.56,18747.96
2025-04-22 22:02:45.130655,18743.65,18747.8
2025-04-22 22:02:45.397345,18743.56,18747.71
2025-04-22 22:02:45.587734,18743.78,18747.18
2025-04-22 22:02:45.679535,18742.44,18746.59
2025-04-22 22:02:45.927229,18742.27,18746.42
2025-04-22 22:02:46.188215,18742.57,18746.72
2025-04-22 22:02:46.462481,18743.33,18747.48
2025-04-22 22:02:46.511288,18743.52,18747.42
2025-04-22 22:02:46.698864,18743.58,18747.23
2025-04-22 22:02:46.729914,18743.58,18746.98
2025-04-22 22:02:46.917626,18750.56,18753.96
2025-04-22 22:02:47.026210,18749.83,18752.98
2025-04-22 22:02:47.242598,18748.81,18751.21
2025-04-22 22:02:47.511528,18750.16,18754.31
2025-04-22 22:02:47.597497,18750.08,18753.98
2025-04-22 22:02:47.864210,18751.77,18754.42
2025-04-22 22:02:47.943231,18751.82,18754.22
2025-04-22 22:02:48.123910,18751.27,18754.17
2025-04-22 22:02:48.378972,18754.02,18758.17
2025-04-22 22:02:48.636059,18750.56,18753.71
2025-04-22 22:02:48.889579,18754.03,18756.68
2025-04-22 22:02:48.999593,18752.54,18755.69
2025-04-22 22:02:49.124499,18752.83,18754.48
2025-04-22 22:02:49.406818,18751.04,18754.94
2025-04-22 22:02:49.649861,18752.77,18755.42
2025-04-22 22:02:50.004799,18751.52,18755.17
2025-04-22 22:02:50.069005,18752.75,18753.8
2025-04-22 22:02:50.344548,18751.54,18754.94
2025-04-22 22:02:50.563419,18752.02,18754.67
2025-04-22 22:02:50.831018,18754.28,18758.43
2025-04-22 22:02:51.144630,18751.91,18756.06
2025-04-22 22:02:51.373681,18751.83,18755.98
2025-04-22 22:02:51.550880,18751.52,18754.42
2025-04-22 22:02:51.615783,18751.79,18755.44
2025-04-22 22:02:51.843015,18753.52,18756.17
2025-04-22 22:02:51.895893,18758.07,18761.22
2025-04-22 22:02:52.102792,18755.52,18759.17
2025-04-22 22:02:52.296937,18756.58,18759.23
2025-04-22 22:02:52.611980,18754.79,18758.94
2025-04-22 22:02:52.851341,18755.17,18759.32
2025-04-22 22:02:53.111557,18755.79,18759.94
2025-04-22 22:02:53.166787,18755.45,18759.6
2025-04-22 22:02:53.334843,18756.33,18759.23
2025-04-22 22:02:53.411422,18755.57,18759.22
2025-04-22 22:02:53.535310,18755.04,18758.94
2025-04-22 22:02:53.616854,18754.82,18758.97
2025-04-22 22:02:53.845398,18755.29,18758.94
2025-04-22 22:02:54.033988,18755.4,18759.55
2025-04-22 22:02:54.065850,18756.58,18759.98
2025-04-22 22:02:54.295197,18757.53,18759.93
2025-04-22 22:02:54.309194,18757.54,18760.94
2025-04-22 22:02:54.506059,18760.03,18763.43
2025-04-22 22:02:54.550116,18760.28,18763.18
2025-04-22 22:02:54.834343,18759.78,18763.18
2025-04-22 22:02:54.962055,18759.56,18762.21
2025-04-22 22:02:55.308546,18759.53,18761.43
2025-04-22 22:02:55.538403,18761.04,18764.69
2025-04-22 22:02:55.745530,18760.58,18763.48
2025-04-22 22:02:55.998404,18760.52,18762.17
2025-04-22 22:02:56.168848,18762.66,18766.81
2025-04-22 22:02:56.252023,18761.57,18765.72
2025-04-22 22:02:56.494164,18759.71,18763.86
2025-04-22 22:02:56.562667,18761.07,18763.97
2025-04-22 22:02:56.733476,18760.28,18763.93
2025-04-22 22:02:56.795212,18763.31,18766.46
2025-04-22 22:02:57.124875,18760.27,18764.17
2025-04-22 22:02:57.372262,18760.27,18763.67
2025-04-22 22:02:57.673031,18762.03,18764.68
2025-04-22 22:02:57.838422,18760.79,18764.19
2025-04-22 22:02:57.889534,18760.79,18762.44
2025-04-22 22:02:58.041900,18759.81,18762.46
2025-04-22 22:02:58.109672,18761.57,18765.72
2025-04-22 22:02:58.253868,18763.79,18765.94
2025-04-22 22:02:58.564961,18762.07,18765.47
2025-04-22 22:02:58.809342,18761.28,18764.43
2025-04-22 22:02:59.040236,18761.54,18764.44
2025-04-22 22:02:59.241854,18762.27,18764.92
2025-04-22 22:02:59.536678,18761.78,18764.43
2025-04-22 22:02:59.772099,18761.79,18764.94
2025-04-22 22:02:59.893068,18763.07,18765.47
2025-04-22 22:03:00.090943,18764.45,18768.6
2025-04-22 22:03:00.296092,18763.08,18766.73
2025-04-22 22:03:00.358713,18765.77,18769.17
2025-04-22 22:03:00.642958,18765.58,18768.23
2025-04-22 22:03:00.765676,18767.06,18770.46
2025-04-22 22:03:00.919328,18767.28,18770.18
2025-04-22 22:03:01.199360,18767.56,18770.21
2025-04-22 22:03:01.307434,18766.31,18770.21
2025-04-22 22:03:01.623750,18767.02,18770.42
2025-04-22 22:03:01.903076,18767.56,18770.46
2025-04-22 22:03:02.196350,18767.58,18769.73
2025-04-22 22:03:02.426483,18763.83,18767.98
2025-04-22 22:03:02.742322,18764.27,18768.17
2025-04-22 22:03:03.034998,18762.03,18765.18
2025-04-22 22:03:03.430986,18762.32,18764.97
2025-04-22 22:03:03.446532,18762.07,18765.22
2025-04-22 22:03:03.666284,18767.07,18770.97
2025-04-22 22:03:03.930219,18769.28,18772.18
2025-04-22 22:03:04.194998,18767.83,18771.73
2025-04-22 22:03:04.428204,18767.81,18770.21
2025-04-22 22:03:04.551458,18765.77,18768.92
2025-04-22 22:03:04.760005,18764.02,18768.17
2025-04-22 22:03:04.816812,18758.28,18761.93
2025-04-22 22:03:04.962250,18755.58,18759.48
2025-04-22 22:03:05.199473,18755.83,18758.98
2025-04-22 22:03:05.481400,18755.27,18758.92
2025-04-22 22:03:05.798508,18754.54,18758.69
2025-04-22 22:03:05.876055,18752.95,18757.1
2025-04-22 22:03:06.032393,18753.77,18757.92
2025-04-22 22:03:06.458090,18752.07,18756.22
2025-04-22 22:03:06.584833,18754.32,18758.22
2025-04-22 22:03:06.709668,18754.57,18758.22
2025-04-22 22:03:07.055659,18754.32,18758.47
2025-04-22 22:03:07.458577,18753.77,18757.92
2025-04-22 22:03:07.736340,18753.91,18758.06
2025-04-22 22:03:08.113068,18753.65,18757.8
2025-04-22 22:03:08.438087,18753.03,18757.18
2025-04-22 22:03:08.861034,18752.54,18756.19
2025-04-22 22:03:09.376076,18752.58,18756.73
2025-04-22 22:03:09.628005,18752.07,18756.22
2025-04-22 22:03:10.059183,18752.54,18756.44
2025-04-22 22:03:10.316396,18753.17,18757.32
2025-04-22 22:03:10.494287,18756.32,18757.47
2025-04-22 22:03:10.631654,18753.82,18757.22
2025-04-22 22:03:11.233227,18754.52,18758.67
2025-04-22 22:03:11.556335,18754.54,18756.69
2025-04-22 22:03:11.933240,18753.08,18756.73
2025-04-22 22:03:12.290159,18753.53,18756.43
2025-04-22 22:03:12.497865,18753.56,18756.21
2025-04-22 22:03:13.072590,18753.83,18756.48
2025-04-22 22:03:13.323879,18753.08,18755.98
2025-04-22 22:03:13.526342,18753.02,18756.42
2025-04-22 22:03:14.212887,18753.31,18756.21
2025-04-22 22:03:14.514274,18751.79,18755.94
2025-04-22 22:03:14.824664,18752.28,18755.93
2025-04-22 22:03:15.168040,18751.15,18755.3
2025-04-22 22:03:15.442302,18752.07,18755.22
2025-04-22 22:03:15.685269,18751.79,18755.94
2025-04-22 22:03:15.947461,18752.08,18756.23
2025-04-22 22:03:16.195245,18752.27,18755.67
2025-04-22 22:03:16.241254,18749.83,18752.73
2025-04-22 22:03:16.521410,18750.41,18754.56
2025-04-22 22:03:16.784761,18750.07,18753.97
2025-04-22 22:03:16.986936,18750.4,18754.55
2025-04-22 22:03:17.378157,18749.69,18753.84
2025-04-22 22:03:17.649359,18751.07,18755.22
2025-04-22 22:03:18.191370,18750.83,18754.98
2025-04-22 22:03:18.562627,18751.57,18755.22
2025-04-22 22:03:18.828226,18750.07,18754.22
2025-04-22 22:03:19.169319,18750.06,18754.21
2025-04-22 22:03:19.448102,18750.03,18753.93
2025-04-22 22:03:19.730305,18749.78,18752.93
2025-04-22 22:03:20.365462,18748.91,18753.06
2025-04-22 22:03:20.626207,18749.9,18754.05
2025-04-22 22:03:20.988781,18749.81,18751.46
2025-04-22 22:03:21.176331,18746.53,18750.68
2025-04-22 22:03:21.240592,18734.06,18738.21
2025-04-22 22:03:21.457978,18735.57,18738.47
2025-04-22 22:03:21.687950,18735.37,18736.42
2025-04-22 22:03:21.862702,18735.66,18739.81
2025-04-22 22:03:21.875651,18735.57,18739.72
2025-04-22 22:03:22.095180,18736.69,18740.84
2025-04-22 22:03:22.330340,18736.52,18739.92
2025-04-22 22:03:22.538912,18733.83,18737.23
2025-04-22 22:03:22.856465,18732.79,18735.44
2025-04-22 22:03:23.113849,18732.02,18736.17
2025-04-22 22:03:23.379093,18732.42,18736.57
2025-04-22 22:03:23.720300,18733.52,18737.67
2025-04-22 22:03:23.977140,18742.57,18746.72
2025-04-22 22:03:24.210189,18742.42,18746.57
2025-04-22 22:03:24.446794,18746.33,18750.48
2025-04-22 22:03:24.745419,18745.57,18749.72
2025-04-22 22:03:25.222542,18746.54,18748.44
2025-04-22 22:03:25.448906,18746.17,18750.32
2025-04-22 22:03:25.747502,18746.71,18750.86
2025-04-22 22:03:25.964686,18747.04,18750.94
2025-04-22 22:03:26.307667,18747.66,18751.81
2025-04-22 22:03:26.564451,18748.82,18752.22
2025-04-22 22:03:26.800936,18747.56,18751.71
2025-04-22 22:03:27.116316,18746.46,18750.61
2025-04-22 22:03:27.443420,18745.33,18748.48
2025-04-22 22:03:27.932582,18739.03,18743.18
2025-04-22 22:03:28.149963,18743.41,18747.56
2025-04-22 22:03:28.437444,18742.53,18746.68
2025-04-22 22:03:28.659175,18741.19,18745.34
2025-04-22 22:03:29.344027,18741.78,18745.93
2025-04-22 22:03:29.558426,18737.27,18741.42
2025-04-22 22:03:29.885163,18736.08,18740.23
2025-04-22 22:03:30.198160,18736.07,18740.22
2025-04-22 22:03:30.447953,18735.83,18739.98
2025-04-22 22:03:30.732396,18735.17,18739.32
2025-04-22 22:03:31.063692,18735.53,18738.93
2025-04-22 22:03:31.442443,18736.71,18740.86
2025-04-22 22:03:31.650525,18740.28,18743.68
2025-04-22 22:03:32.301140,18735.95,18740.1
2025-04-22 22:03:32.725265,18735.82,18739.97
2025-04-22 22:03:32.992783,18735.42,18739.57
2025-04-22 22:03:33.686722,18736.08,18738.73
2025-04-22 22:03:34.056792,18735.52,18738.42
2025-04-22 22:03:34.317108,18734.77,18737.67
2025-04-22 22:03:34.623450,18734.83,18738.23
2025-04-22 22:03:35.225340,18733.78,18737.93
2025-04-22 22:03:35.430048,18733.7,18738.61
2025-04-22 22:03:35.659589,18735.56,18738.71
2025-04-22 22:03:35.912994,18735.29,18738.69
2025-04-22 22:03:36.108419,18733.57,18736.97
2025-04-22 22:03:36.197712,18733.33,18736.98
2025-04-22 22:03:36.535561,18741.06,18745.21
2025-04-22 22:03:36.708696,18740.91,18745.06
2025-04-22 22:03:36.920200,18739.44,18743.59
2025-04-22 22:03:37.339244,18739.2,18743.35
2025-04-22 22:03:37.452354,18739.66,18743.81
2025-04-22 22:03:37.686728,18738.02,18742.17
2025-04-22 22:03:37.999430,18739.65,18743.8
2025-04-22 22:03:38.278332,18738.67,18742.82
2025-04-22 22:03:38.447061,18737.79,18741.94
2025-04-22 22:03:38.575007,18736.57,18740.47
2025-04-22 22:03:38.682021,18736.53,18740.68
2025-04-22 22:03:39.113435,18736.82,18740.22
2025-04-22 22:03:39.251601,18736.65,18740.8
2025-04-22 22:03:39.530070,18736.57,18740.72
2025-04-22 22:03:39.798999,18736.44,18740.59
2025-04-22 22:03:40.036403,18735.91,18740.06
2025-04-22 22:03:40.274136,18740.53,18744.68
2025-04-22 22:03:40.599885,18737.9,18742.05
2025-04-22 22:03:40.918061,18737.83,18740.23
2025-04-22 22:03:41.812232,18738.33,18740.48
2025-04-22 22:03:41.956187,18738.29,18740.19
2025-04-22 22:03:42.125451,18738.52,18741.92
2025-04-22 22:03:42.591227,18738.27,18742.17
2025-04-22 22:03:42.728095,18738.77,18742.42
2025-04-22 22:03:42.869872,18738.52,18742.67
2025-04-22 22:03:43.476517,18742.03,18746.18
2025-04-22 22:03:43.689016,18739.56,18743.46
2025-04-22 22:03:44.458853,18738.78,18742.93
2025-04-22 22:03:44.778489,18739.07,18742.72
2025-04-22 22:03:45.148095,18739.07,18742.97
2025-04-22 22:03:45.496626,18739.03,18742.43
2025-04-22 22:03:45.793644,18739.27,18742.42
2025-04-22 22:03:45.844528,18739.83,18743.48
2025-04-22 22:03:46.310012,18742.28,18746.18
2025-04-22 22:03:46.432629,18742.54,18746.44
2025-04-22 22:03:46.734969,18745.03,18748.93
2025-04-22 22:03:46.994773,18745.57,18749.22
2025-04-22 22:03:47.214193,18746.07,18749.22
2025-04-22 22:03:47.404142,18745.57,18749.22
2025-04-22 22:03:47.429576,18745.82,18749.22
2025-04-22 22:03:47.658796,18746.33,18749.23
2025-04-22 22:03:48.036356,18746.83,18750.23
2025-04-22 22:03:48.311120,18747.95,18752.1
2025-04-22 22:03:48.590306,18748.27,18752.17
2025-04-22 22:03:48.726562,18750.04,18754.19
2025-04-22 22:03:48.835222,18751.02,18754.17
2025-04-22 22:03:49.056569,18751.28,18754.43
2025-04-22 22:03:49.117975,18752.54,18755.44
2025-04-22 22:03:49.323898,18752.52,18756.42
2025-04-22 22:03:49.614174,18752.82,18756.47
2025-04-22 22:03:49.833064,18753.07,18756.72
2025-04-22 22:03:50.135318,18753.95,18758.1
2025-04-22 22:03:50.383767,18751.54,18755.69
2025-04-22 22:03:50.583164,18749.33,18752.73
2025-04-22 22:03:51.002115,18749.29,18752.94
2025-04-22 22:03:51.287968,18748.77,18752.67
2025-04-22 22:03:51.519295,18748.82,18752.22
2025-04-22 22:03:51.615085,18748.54,18752.19
2025-04-22 22:03:51.753454,18748.45,18752.6
2025-04-22 22:03:51.910769,18748.83,18752.73
2025-04-22 22:03:52.146921,18752.31,18755.21
2025-04-22 22:03:52.193798,18754.53,18757.43
2025-04-22 22:03:52.436954,18753.82,18757.97
2025-04-22 22:03:52.524816,18753.27,18757.17
2025-04-22 22:03:52.742970,18753.66,18757.81
2025-04-22 22:03:52.911525,18752.69,18756.84
2025-04-22 22:03:53.087324,18752.41,18756.56
2025-04-22 22:03:53.324631,18753.32,18757.47
2025-04-22 22:03:53.480631,18753.81,18757.96
2025-04-22 22:03:53.866474,18754.29,18757.94
2025-04-22 22:03:54.224616,18754.06,18757.96
2025-04-22 22:03:54.285240,18753.94,18758.09
2025-04-22 22:03:54.648792,18754.06,18758.21
2025-04-22 22:03:54.693419,18756.27,18759.67
2025-04-22 22:03:54.973573,18757.52,18761.42
2025-04-22 22:03:55.273671,18757.03,18760.68
2025-04-22 22:03:55.426343,18756.58,18759.98
2025-04-22 22:03:55.548540,18756.57,18760.72
2025-04-22 22:03:55.747145,18757.28,18760.68
2025-04-22 22:03:55.993400,18756.29,18758.94
2025-04-22 22:03:56.445865,18756.07,18758.97
2025-04-22 22:03:56.659189,18756.32,18758.97
2025-04-22 22:03:56.766783,18756.08,18758.98
2025-04-22 22:03:57.056207,18751.81,18755.96
2025-04-22 22:03:57.395314,18749.77,18752.92
2025-04-22 22:03:57.675527,18751.03,18754.93
2025-04-22 22:03:57.845776,18750.81,18754.96
2025-04-22 22:03:58.287976,18752.66,18756.81
2025-04-22 22:03:58.693968,18750.29,18754.44
2025-04-22 22:03:58.946919,18749.08,18753.23
2025-04-22 22:03:59.352705,18747.58,18751.73
2025-04-22 22:03:59.725987,18745.32,18749.47
2025-04-22 22:03:59.981036,18748.9,18753.05
2025-04-22 22:04:00.213595,18748.41,18752.56
2025-04-22 22:04:00.463009,18746.79,18750.94
2025-04-22 22:04:00.697670,18745.28,18749.43
2025-04-22 22:04:01.119408,18744.56,18748.46
2025-04-22 22:04:01.483316,18745.08,18749.23
2025-04-22 22:04:01.731828,18743.83,18747.98
2025-04-22 22:04:01.837930,18744.56,18748.71
2025-04-22 22:04:01.951652,18745.77,18749.67
2025-04-22 22:04:02.213361,18743.56,18747.71
2025-04-22 22:04:02.540300,18746.08,18749.23
2025-04-22 22:04:02.758361,18745.58,18749.23
2025-04-22 22:04:03.048806,18745.77,18749.17
2025-04-22 22:04:04.198582,18746.31,18748.96
2025-04-22 22:04:04.421526,18743.29,18746.69
2025-04-22 22:04:04.673274,18743.27,18746.92
