timestamp,bid,ask
2025-04-22 11:51:22.616152,38635.0,38638.0
2025-04-22 11:51:23.161648,38638.0,38642.0
2025-04-22 11:51:23.750866,38636.0,38640.0
2025-04-22 11:51:23.957564,38637.0,38641.0
2025-04-22 11:51:24.286843,38640.0,38643.0
2025-04-22 11:51:24.775501,38640.0,38642.0
2025-04-22 11:51:25.474783,38640.0,38643.0
2025-04-22 11:51:26.333882,38640.0,38644.0
2025-04-22 11:51:27.917948,38641.0,38645.0
2025-04-22 11:51:32.050507,38638.0,38642.0
2025-04-22 11:51:32.796421,38641.0,38644.0
2025-04-22 11:51:34.271161,38640.0,38643.0
2025-04-22 11:51:34.872733,38638.0,38641.0
2025-04-22 11:51:35.785168,38640.0,38644.0
2025-04-22 11:51:36.486517,38641.0,38644.0
2025-04-22 11:51:37.103409,38640.0,38643.0
2025-04-22 11:51:37.485370,38642.0,38645.0
2025-04-22 11:51:38.408663,38639.0,38642.0
2025-04-22 11:51:39.376012,38640.0,38644.0
2025-04-22 11:51:40.397927,38638.0,38641.0
2025-04-22 11:51:41.431557,38640.0,38642.0
2025-04-22 11:51:44.328873,38638.0,38640.0
2025-04-22 11:51:45.525193,38635.0,38637.0
2025-04-22 11:51:45.855426,38636.0,38639.0
2025-04-22 11:51:46.221835,38629.0,38631.0
2025-04-22 11:51:47.036458,38630.0,38634.0
2025-04-22 11:51:47.475212,38629.0,38632.0
2025-04-22 11:51:48.263878,38629.0,38631.0
2025-04-22 11:51:49.507658,38626.0,38629.0
2025-04-22 11:51:50.367517,38627.0,38629.0
2025-04-22 11:51:51.446021,38625.0,38628.0
2025-04-22 11:51:51.835289,38626.0,38629.0
2025-04-22 11:51:52.114583,38625.0,38629.0
2025-04-22 11:51:52.886288,38623.0,38626.0
2025-04-22 11:51:53.418915,38624.0,38626.0
2025-04-22 11:51:53.928824,38623.0,38627.0
2025-04-22 11:51:54.372238,38624.0,38627.0
2025-04-22 11:51:54.766502,38624.0,38628.0
2025-04-22 11:51:54.965065,38622.0,38626.0
2025-04-22 11:51:55.855616,38625.0,38628.0
2025-04-22 11:51:57.215253,38624.0,38626.0
2025-04-22 11:51:58.159421,38625.0,38629.0
2025-04-22 11:51:58.581382,38624.0,38627.0
2025-04-22 11:51:58.874914,38624.0,38628.0
2025-04-22 11:52:00.234139,38627.0,38630.0
2025-04-22 11:52:00.833687,38626.0,38629.0
2025-04-22 11:52:00.946636,38624.0,38627.0
2025-04-22 11:52:01.949790,38626.0,38630.0
2025-04-22 11:52:02.643463,38626.0,38629.0
2025-04-22 11:52:03.282973,38624.0,38628.0
2025-04-22 11:52:03.494836,38626.0,38629.0
2025-04-22 11:52:04.065264,38623.0,38627.0
2025-04-22 11:52:04.279011,38626.0,38629.0
2025-04-22 11:52:04.516031,38624.0,38628.0
2025-04-22 11:52:05.254303,38624.0,38627.0
2025-04-22 11:52:05.587080,38623.0,38627.0
2025-04-22 11:52:06.803546,38623.0,38626.0
2025-04-22 11:52:07.413309,38624.0,38627.0
2025-04-22 11:52:08.368443,38625.0,38629.0
2025-04-22 11:52:08.916995,38623.0,38625.0
2025-04-22 11:52:09.340405,38624.0,38627.0
2025-04-22 11:52:09.850516,38622.0,38626.0
2025-04-22 11:52:10.323055,38624.0,38627.0
2025-04-22 11:52:10.667564,38621.0,38625.0
2025-04-22 11:52:12.265905,38623.0,38626.0
2025-04-22 11:52:13.265190,38620.0,38624.0
2025-04-22 11:52:14.016082,38623.0,38626.0
2025-04-22 11:52:14.623446,38622.0,38626.0
2025-04-22 11:52:15.647276,38619.0,38623.0
2025-04-22 11:52:16.229896,38620.0,38623.0
2025-04-22 11:52:16.918805,38622.0,38626.0
2025-04-22 11:52:17.220039,38621.0,38625.0
2025-04-22 11:52:17.722858,38624.0,38627.0
2025-04-22 11:52:18.521743,38623.0,38625.0
2025-04-22 11:52:19.472675,38624.0,38627.0
2025-04-22 11:52:19.842662,38622.0,38626.0
2025-04-22 11:52:20.463763,38624.0,38627.0
2025-04-22 11:52:21.039511,38623.0,38628.0
2025-04-22 11:52:22.704316,38623.0,38627.0
2025-04-22 11:52:23.440038,38622.0,38626.0
2025-04-22 11:52:23.937129,38625.0,38628.0
2025-04-22 11:52:24.455873,38624.0,38627.0
2025-04-22 11:52:25.370617,38623.0,38627.0
2025-04-22 11:52:25.852108,38625.0,38628.0
2025-04-22 11:52:26.655448,38624.0,38628.0
2025-04-22 11:52:27.190245,38623.0,38626.0
2025-04-22 11:52:28.806772,38622.0,38626.0
2025-04-22 11:52:29.318627,38624.0,38627.0
2025-04-22 12:15:44.998378,38628.0,38631.0
2025-04-22 12:15:46.442460,38630.0,38631.0
2025-04-22 12:15:46.854029,38627.0,38631.0
2025-04-22 12:15:47.358559,38628.0,38631.0
2025-04-22 12:15:48.095912,38629.0,38632.0
2025-04-22 12:15:49.883998,38628.0,38632.0
2025-04-22 12:15:52.537218,38628.0,38631.0
2025-04-22 12:15:52.911025,38629.0,38633.0
2025-04-22 12:15:53.148442,38625.0,38628.0
2025-04-22 12:15:54.187097,38626.0,38628.0
2025-04-22 12:15:54.543559,38632.0,38635.0
2025-04-22 12:15:54.794616,38633.0,38636.0
2025-04-22 12:15:55.305562,38631.0,38635.0
2025-04-22 12:15:55.829405,38634.0,38637.0
2025-04-22 12:15:56.159518,38633.0,38636.0
2025-04-22 12:15:56.541702,38632.0,38636.0
2025-04-22 12:15:56.679696,38635.0,38638.0
2025-04-22 12:15:57.125275,38633.0,38637.0
2025-04-22 12:15:58.214476,38635.0,38639.0
2025-04-22 12:15:58.836866,38633.0,38636.0
2025-04-22 12:16:00.227923,38635.0,38639.0
2025-04-22 12:16:00.376278,38637.0,38641.0
2025-04-22 12:16:00.697874,38633.0,38637.0
2025-04-22 12:16:01.780351,38634.0,38637.0
2025-04-22 12:16:02.403577,38631.0,38635.0
2025-04-22 20:42:24.613879,39409.0,39412.0
2025-04-22 20:55:01.000988,39358.0,39364.0
2025-04-22 20:55:01.953016,39361.0,39366.0
2025-04-22 20:55:02.485138,39362.0,39366.0
2025-04-22 20:55:02.986889,39360.0,39365.0
2025-04-22 20:55:04.314686,39361.0,39365.0
2025-04-22 20:55:05.933672,39364.0,39368.0
2025-04-22 20:55:06.260367,39363.0,39368.0
2025-04-22 20:55:06.493173,39362.0,39368.0
2025-04-22 20:55:07.814172,39362.0,39366.0
2025-04-22 20:55:10.857804,39362.0,39367.0
2025-04-22 20:55:19.321493,39365.0,39369.0
2025-04-22 20:55:24.700972,39364.0,39368.0
2025-04-22 20:55:27.646446,39365.0,39371.0
2025-04-22 20:55:29.411232,39364.0,39369.0
2025-04-22 20:55:30.160907,39367.0,39371.0
2025-04-22 20:55:31.958135,39368.0,39372.0
2025-04-22 20:55:35.091423,39367.0,39370.0
2025-04-22 20:55:36.637962,39369.0,39373.0
2025-04-22 20:55:37.646660,39370.0,39374.0
2025-04-22 20:55:40.723661,39371.0,39374.0
2025-04-22 20:55:41.567581,39370.0,39374.0
2025-04-22 20:55:42.317102,39368.0,39371.0
2025-04-22 20:55:42.814964,39367.0,39371.0
2025-04-22 20:55:43.358430,39369.0,39372.0
2025-04-22 20:55:44.058809,39370.0,39375.0
2025-04-22 20:55:45.409307,39367.0,39373.0
2025-04-22 20:55:47.438856,39370.0,39375.0
2025-04-22 20:55:48.208100,39370.0,39376.0
2025-04-22 20:55:50.598137,39367.0,39374.0
2025-04-22 20:55:51.766941,39369.0,39374.0
2025-04-22 20:55:54.541616,39370.0,39375.0
2025-04-22 20:55:55.053892,39370.0,39376.0
2025-04-22 20:55:55.575045,39370.0,39374.0
2025-04-22 20:55:57.011300,39367.0,39372.0
2025-04-22 20:56:02.836230,39370.0,39374.0
2025-04-22 20:56:03.338181,39368.0,39374.0
2025-04-22 20:56:05.256338,39368.0,39373.0
2025-04-22 20:56:09.753762,39367.0,39373.0
2025-04-22 20:56:10.243586,39368.0,39374.0
2025-04-22 20:56:11.741590,39369.0,39374.0
2025-04-22 20:56:15.251106,39366.0,39372.0
2025-04-22 20:56:22.823372,39366.0,39374.0
2025-04-22 20:56:24.876374,39367.0,39372.0
2025-04-22 20:56:28.390443,39364.0,39367.0
2025-04-22 20:56:29.175457,39364.0,39370.0
2025-04-22 20:56:30.367899,39364.0,39369.0
2025-04-22 20:56:31.245763,39366.0,39371.0
2025-04-22 20:56:31.946597,39364.0,39369.0
2025-04-22 20:56:42.950508,39364.0,39368.0
2025-04-22 20:56:43.459013,39363.0,39369.0
2025-04-22 20:56:48.457158,39365.0,39370.0
2025-04-22 20:56:50.267881,39364.0,39368.0
2025-04-22 20:56:50.309969,39364.0,39369.0
2025-04-22 20:56:58.635098,39367.0,39371.0
2025-04-22 20:57:01.957074,39364.0,39369.0
2025-04-22 20:57:03.011734,39364.0,39370.0
2025-04-22 20:57:03.617012,39366.0,39371.0
2025-04-22 20:57:05.455126,39367.0,39370.0
2025-04-22 20:57:07.048166,39366.0,39372.0
2025-04-22 20:57:07.548945,39365.0,39370.0
2025-04-22 20:57:08.137458,39365.0,39371.0
2025-04-22 20:57:09.149925,39367.0,39372.0
2025-04-22 20:57:10.688569,39368.0,39371.0
2025-04-22 20:57:11.194379,39370.0,39374.0
2025-04-22 20:57:12.230299,39369.0,39373.0
2025-04-22 20:57:13.710750,39367.0,39370.0
2025-04-22 20:57:14.712944,39368.0,39372.0
2025-04-22 20:57:15.222140,39367.0,39372.0
2025-04-22 20:57:19.172780,39368.0,39372.0
2025-04-22 20:57:22.448864,39366.0,39370.0
2025-04-22 20:57:23.953844,39367.0,39372.0
2025-04-22 20:57:25.738682,39367.0,39373.0
2025-04-22 20:57:26.436580,39371.0,39377.0
2025-04-22 20:57:28.414318,39372.0,39377.0
2025-04-22 20:57:30.946676,39375.0,39379.0
2025-04-22 20:57:32.544341,39374.0,39377.0
2025-04-22 20:57:35.233158,39374.0,39378.0
2025-04-22 20:57:35.730878,39374.0,39379.0
2025-04-22 20:57:38.273828,39371.0,39377.0
2025-04-22 20:57:38.777083,39374.0,39379.0
2025-04-22 20:57:39.639671,39373.0,39379.0
2025-04-22 20:57:40.135829,39372.0,39377.0
2025-04-22 20:57:41.677932,39374.0,39379.0
2025-04-22 20:57:42.324384,39374.0,39380.0
2025-04-22 20:57:42.669916,39377.0,39381.0
2025-04-22 20:57:42.925170,39375.0,39381.0
2025-04-22 20:57:43.939492,39376.0,39380.0
2025-04-22 20:57:44.307645,39376.0,39381.0
2025-04-22 20:57:46.959091,39375.0,39379.0
2025-04-22 20:57:49.229644,39376.0,39382.0
2025-04-22 20:57:51.738083,39374.0,39377.0
2025-04-22 20:57:53.130749,39376.0,39381.0
2025-04-22 20:57:54.103207,39377.0,39381.0
2025-04-22 20:57:55.982828,39376.0,39381.0
2025-04-22 20:57:58.296325,39375.0,39381.0
2025-04-22 20:58:00.652961,39371.0,39374.0
2025-04-22 20:58:02.473074,39374.0,39380.0
2025-04-22 20:58:04.946919,39373.0,39377.0
2025-04-22 20:58:06.617066,39374.0,39377.0
2025-04-22 20:58:08.229396,39376.0,39380.0
2025-04-22 20:58:08.733067,39374.0,39379.0
2025-04-22 20:58:09.513733,39377.0,39381.0
2025-04-22 20:58:12.877803,39376.0,39381.0
2025-04-22 20:58:13.870471,39376.0,39382.0
2025-04-22 20:58:14.472893,39374.0,39379.0
2025-04-22 20:58:15.468356,39376.0,39382.0
2025-04-22 20:58:16.779862,39375.0,39381.0
2025-04-22 20:58:18.734395,39373.0,39381.0
2025-04-22 20:58:19.093657,39375.0,39381.0
2025-04-22 20:58:19.828953,39375.0,39380.0
2025-04-22 20:58:20.960181,39377.0,39381.0
2025-04-22 20:58:21.216785,39373.0,39379.0
2025-04-22 20:58:25.388244,39375.0,39381.0
2025-04-22 20:58:26.996794,39376.0,39381.0
2025-04-22 20:58:27.172455,39373.0,39379.0
2025-04-22 20:58:27.524230,39374.0,39379.0
2025-04-22 20:58:28.216069,39375.0,39381.0
2025-04-22 20:58:29.599896,39376.0,39381.0
2025-04-22 20:58:31.590801,39373.0,39379.0
2025-04-22 20:58:33.237650,39373.0,39378.0
2025-04-22 20:58:34.638942,39373.0,39377.0
2025-04-22 20:58:35.143524,39375.0,39380.0
2025-04-22 20:58:38.749157,39375.0,39381.0
2025-04-22 20:58:43.425191,39373.0,39377.0
2025-04-22 20:58:53.749778,39371.0,39376.0
2025-04-22 20:58:54.204519,39372.0,39378.0
2025-04-22 20:58:56.785607,39373.0,39378.0
2025-04-22 20:58:57.066502,39371.0,39375.0
2025-04-22 20:58:59.499038,39370.0,39374.0
2025-04-22 20:58:59.755304,39368.0,39374.0
2025-04-22 20:59:07.779737,39366.0,39374.0
2025-04-22 20:59:15.946093,39368.0,39375.0
2025-04-22 20:59:16.955190,39369.0,39374.0
2025-04-22 20:59:17.951206,39366.0,39371.0
2025-04-22 20:59:18.459020,39366.0,39370.0
2025-04-22 20:59:21.708338,39367.0,39372.0
2025-04-22 20:59:29.357133,39366.0,39372.0
2025-04-22 20:59:30.366056,39364.0,39372.0
2025-04-22 20:59:32.265922,39362.0,39369.0
2025-04-22 20:59:42.437311,39363.0,39369.0
2025-04-22 20:59:44.543651,39360.0,39367.0
2025-04-22 20:59:45.044940,39360.0,39365.0
2025-04-22 20:59:45.606418,39359.0,39363.0
2025-04-22 20:59:46.340940,39358.0,39365.0
2025-04-22 20:59:51.368004,39357.0,39364.0
2025-04-22 20:59:53.918063,39357.0,39365.0
2025-04-22 20:59:54.834154,39362.0,39368.0
2025-04-22 20:59:55.233961,39361.0,39366.0
2025-04-22 20:59:56.342819,39359.0,39366.0
2025-04-22 20:59:56.725147,39363.0,39368.0
2025-04-22 20:59:57.220141,39362.0,39368.0
2025-04-22 20:59:58.099716,39361.0,39368.0
2025-04-22 20:59:58.836073,39360.0,39368.0
2025-04-22 20:59:59.123826,39361.0,39368.0
2025-04-22 22:00:01.207362,39858.0,39870.0
2025-04-22 22:00:01.376825,39840.0,39844.0
2025-04-22 22:00:01.549667,39835.0,39847.0
2025-04-22 22:00:01.780945,39820.0,39832.0
2025-04-22 22:00:02.086007,39813.0,39821.0
2025-04-22 22:00:02.600918,39777.0,39789.0
2025-04-22 22:00:02.834416,39762.0,39774.0
2025-04-22 22:00:03.228859,39758.0,39763.0
2025-04-22 22:00:03.327770,39761.0,39773.0
2025-04-22 22:00:03.772017,39755.0,39762.0
2025-04-22 22:00:04.264129,39755.0,39764.0
2025-04-22 22:00:04.759288,39758.0,39767.0
2025-04-22 22:00:05.265491,39770.0,39779.0
2025-04-22 22:00:05.767869,39777.0,39786.0
2025-04-22 22:00:06.809746,39769.0,39778.0
2025-04-22 22:00:07.223125,39775.0,39782.0
2025-04-22 22:00:07.720119,39775.0,39778.0
2025-04-22 22:00:08.097299,39789.0,39796.0
2025-04-22 22:00:08.108603,39796.0,39805.0
2025-04-22 22:00:08.442157,39802.0,39811.0
2025-04-22 22:00:08.785775,39781.0,39790.0
2025-04-22 22:00:09.009396,39783.0,39792.0
2025-04-22 22:00:09.511853,39778.0,39787.0
2025-04-22 22:00:09.869839,39780.0,39789.0
2025-04-22 22:00:10.228065,39795.0,39801.0
2025-04-22 22:00:10.476339,39790.0,39799.0
2025-04-22 22:00:10.771181,39796.0,39800.0
2025-04-22 22:00:11.078685,39826.0,39832.0
2025-04-22 22:00:11.591513,39821.0,39830.0
2025-04-22 22:00:11.812228,39827.0,39836.0
2025-04-22 22:00:11.860580,39826.0,39830.0
2025-04-22 22:00:12.189548,39826.0,39835.0
2025-04-22 22:00:12.385777,39837.0,39846.0
2025-04-22 22:00:13.308251,39834.0,39843.0
2025-04-22 22:00:13.610476,39840.0,39849.0
2025-04-22 22:00:14.228972,39852.0,39861.0
2025-04-22 22:00:14.399721,39854.0,39863.0
2025-04-22 22:00:14.702241,39869.0,39878.0
2025-04-22 22:00:15.205911,39847.0,39856.0
2025-04-22 22:00:15.620030,39839.0,39848.0
2025-04-22 22:00:15.801123,39834.0,39842.0
2025-04-22 22:00:16.385277,39830.0,39839.0
2025-04-22 22:00:16.571682,39819.0,39828.0
2025-04-22 22:00:16.608678,39855.0,39864.0
2025-04-22 22:00:16.729826,39836.0,39845.0
2025-04-22 22:00:16.879649,39837.0,39846.0
2025-04-22 22:00:17.624907,39840.0,39847.0
2025-04-22 22:00:17.961053,39830.0,39839.0
2025-04-22 22:00:18.038294,39832.0,39840.0
2025-04-22 22:00:18.458211,39836.0,39845.0
2025-04-22 22:00:18.950274,39840.0,39846.0
2025-04-22 22:00:19.193156,39836.0,39845.0
2025-04-22 22:00:19.453476,39849.0,39858.0
2025-04-22 22:00:19.764069,39851.0,39860.0
2025-04-22 22:00:19.988470,39877.0,39886.0
2025-04-22 22:00:20.286070,39878.0,39887.0
2025-04-22 22:00:20.591562,39879.0,39888.0
2025-04-22 22:00:20.882383,39872.0,39881.0
2025-04-22 22:00:21.279285,39874.0,39883.0
2025-04-22 22:00:21.709097,39875.0,39884.0
2025-04-22 22:00:21.983703,39873.0,39882.0
2025-04-22 22:00:22.204560,39872.0,39881.0
2025-04-22 22:00:22.368685,39886.0,39895.0
2025-04-22 22:00:22.635750,39884.0,39893.0
2025-04-22 22:00:23.114144,39887.0,39893.0
2025-04-22 22:00:23.397484,39866.0,39875.0
2025-04-22 22:00:23.898826,39868.0,39877.0
2025-04-22 22:00:24.452701,39879.0,39888.0
2025-04-22 22:00:24.543290,39877.0,39886.0
2025-04-22 22:00:25.045506,39876.0,39885.0
2025-04-22 22:00:25.589780,39877.0,39886.0
2025-04-22 22:00:25.861810,39874.0,39883.0
2025-04-22 22:00:26.217338,39879.0,39885.0
2025-04-22 22:00:26.437332,39871.0,39880.0
2025-04-22 22:00:26.652293,39883.0,39892.0
2025-04-22 22:00:26.877916,39884.0,39893.0
2025-04-22 22:00:27.149900,39874.0,39883.0
2025-04-22 22:00:27.412583,39860.0,39869.0
2025-04-22 22:00:27.895393,39867.0,39876.0
2025-04-22 22:00:28.178922,39865.0,39874.0
2025-04-22 22:00:28.440618,39861.0,39870.0
2025-04-22 22:00:28.997445,39864.0,39873.0
2025-04-22 22:00:29.187329,39865.0,39874.0
2025-04-22 22:00:29.625021,39857.0,39866.0
2025-04-22 22:00:30.132754,39866.0,39873.0
2025-04-22 22:00:30.506643,39866.0,39872.0
2025-04-22 22:00:30.752488,39864.0,39870.0
2025-04-22 22:00:30.977162,39860.0,39869.0
2025-04-22 22:00:31.201514,39861.0,39867.0
2025-04-22 22:00:31.609241,39861.0,39869.0
2025-04-22 22:00:31.941898,39865.0,39869.0
2025-04-22 22:00:32.214671,39858.0,39865.0
2025-04-22 22:00:32.744007,39854.0,39863.0
2025-04-22 22:00:33.256647,39855.0,39864.0
2025-04-22 22:00:33.885254,39857.0,39863.0
2025-04-22 22:00:34.350473,39856.0,39861.0
2025-04-22 22:00:34.797439,39858.0,39867.0
2025-04-22 22:00:34.942623,39865.0,39873.0
2025-04-22 22:00:35.560589,39860.0,39869.0
2025-04-22 22:00:36.332829,39857.0,39866.0
2025-04-22 22:00:36.550357,39834.0,39843.0
2025-04-22 22:00:36.927255,39833.0,39840.0
2025-04-22 22:00:37.212337,39826.0,39835.0
2025-04-22 22:00:37.725343,39829.0,39838.0
2025-04-22 22:00:38.602441,39828.0,39837.0
2025-04-22 22:00:39.140222,39823.0,39832.0
2025-04-22 22:00:39.359744,39821.0,39830.0
2025-04-22 22:00:39.751076,39820.0,39829.0
2025-04-22 22:00:40.703188,39819.0,39828.0
2025-04-22 22:00:40.824877,39818.0,39827.0
2025-04-22 22:00:41.817490,39827.0,39836.0
2025-04-22 22:00:41.940965,39837.0,39846.0
2025-04-22 22:00:42.331358,39833.0,39842.0
2025-04-22 22:00:42.604786,39843.0,39852.0
2025-04-22 22:00:44.217980,39851.0,39860.0
2025-04-22 22:00:44.499458,39854.0,39863.0
2025-04-22 22:00:44.737362,39853.0,39862.0
2025-04-22 22:00:45.090490,39852.0,39861.0
2025-04-22 22:00:45.336304,39842.0,39851.0
2025-04-22 22:00:46.155604,39849.0,39858.0
2025-04-22 22:00:46.634756,39851.0,39860.0
2025-04-22 22:00:46.854905,39845.0,39854.0
2025-04-22 22:00:47.223719,39846.0,39855.0
2025-04-22 22:00:47.721640,39850.0,39859.0
2025-04-22 22:00:47.751661,39848.0,39857.0
2025-04-22 22:00:48.465508,39843.0,39852.0
2025-04-22 22:00:48.936090,39845.0,39854.0
2025-04-22 22:00:49.676574,39839.0,39848.0
2025-04-22 22:00:50.166121,39841.0,39850.0
2025-04-22 22:00:50.677457,39844.0,39853.0
2025-04-22 22:00:50.699912,39843.0,39852.0
2025-04-22 22:00:50.970192,39840.0,39849.0
2025-04-22 22:00:51.401301,39834.0,39839.0
2025-04-22 22:00:51.681253,39812.0,39817.0
2025-04-22 22:00:51.939882,39814.0,39823.0
2025-04-22 22:00:52.206924,39833.0,39842.0
2025-04-22 22:00:52.451768,39819.0,39828.0
2025-04-22 22:00:52.792563,39823.0,39832.0
2025-04-22 22:00:53.022444,39825.0,39834.0
2025-04-22 22:00:53.375759,39832.0,39841.0
2025-04-22 22:00:53.989145,39832.0,39840.0
2025-04-22 22:00:54.212261,39829.0,39838.0
2025-04-22 22:00:55.169414,39812.0,39821.0
2025-04-22 22:00:55.446023,39812.0,39820.0
2025-04-22 22:00:55.762475,39807.0,39816.0
2025-04-22 22:00:56.069570,39814.0,39823.0
2025-04-22 22:00:57.441453,39825.0,39834.0
2025-04-22 22:00:57.955572,39823.0,39832.0
2025-04-22 22:00:58.185453,39829.0,39838.0
2025-04-22 22:00:58.358814,39813.0,39822.0
2025-04-22 22:00:58.762176,39817.0,39826.0
2025-04-22 22:00:59.186345,39825.0,39834.0
2025-04-22 22:00:59.390746,39823.0,39832.0
2025-04-22 22:00:59.715987,39805.0,39814.0
2025-04-22 22:00:59.943758,39808.0,39817.0
2025-04-22 22:01:00.460329,39816.0,39825.0
2025-04-22 22:01:00.761349,39810.0,39819.0
2025-04-22 22:01:00.977303,39812.0,39821.0
2025-04-22 22:01:01.461199,39814.0,39823.0
2025-04-22 22:01:01.790821,39812.0,39820.0
2025-04-22 22:01:02.092045,39824.0,39833.0
2025-04-22 22:01:02.555237,39816.0,39825.0
2025-04-22 22:01:02.750603,39808.0,39817.0
2025-04-22 22:01:02.950764,39816.0,39825.0
2025-04-22 22:01:03.299131,39817.0,39826.0
2025-04-22 22:01:03.529332,39815.0,39824.0
2025-04-22 22:01:03.981423,39817.0,39826.0
2025-04-22 22:01:04.368072,39816.0,39825.0
2025-04-22 22:01:05.279717,39814.0,39823.0
2025-04-22 22:01:05.537428,39817.0,39826.0
2025-04-22 22:01:05.756035,39812.0,39821.0
2025-04-22 22:01:06.002512,39813.0,39822.0
2025-04-22 22:01:06.409512,39815.0,39824.0
2025-04-22 22:01:06.862056,39820.0,39829.0
2025-04-22 22:01:08.369453,39823.0,39832.0
2025-04-22 22:01:08.601686,39826.0,39835.0
2025-04-22 22:01:08.995741,39813.0,39822.0
2025-04-22 22:01:09.488796,39815.0,39824.0
2025-04-22 22:01:10.100479,39823.0,39832.0
2025-04-22 22:01:10.738316,39821.0,39830.0
2025-04-22 22:01:11.114859,39820.0,39829.0
2025-04-22 22:01:11.706298,39817.0,39826.0
2025-04-22 22:01:11.909281,39812.0,39821.0
2025-04-22 22:01:12.152120,39825.0,39834.0
2025-04-22 22:01:12.443779,39821.0,39830.0
2025-04-22 22:01:12.831285,39823.0,39832.0
2025-04-22 22:01:12.963545,39823.0,39830.0
2025-04-22 22:01:13.470729,39815.0,39824.0
2025-04-22 22:01:14.736591,39819.0,39828.0
2025-04-22 22:01:15.113700,39826.0,39832.0
2025-04-22 22:01:15.433097,39822.0,39831.0
2025-04-22 22:01:15.644986,39823.0,39832.0
2025-04-22 22:01:15.937621,39824.0,39833.0
2025-04-22 22:01:17.022551,39827.0,39836.0
2025-04-22 22:01:17.755072,39828.0,39834.0
2025-04-22 22:01:18.385793,39825.0,39832.0
2025-04-22 22:01:19.045940,39826.0,39835.0
2025-04-22 22:01:19.790682,39829.0,39836.0
2025-04-22 22:01:20.234520,39828.0,39836.0
2025-04-22 22:01:21.333855,39831.0,39838.0
2025-04-22 22:01:21.557132,39829.0,39836.0
2025-04-22 22:01:22.408133,39823.0,39832.0
2025-04-22 22:01:22.613441,39816.0,39824.0
2025-04-22 22:01:23.119685,39814.0,39823.0
2025-04-22 22:01:23.171110,39813.0,39822.0
2025-04-22 22:01:23.421992,39815.0,39824.0
2025-04-22 22:01:35.176870,39826.0,39835.0
2025-04-22 22:01:35.413304,39825.0,39834.0
2025-04-22 22:01:35.882449,39826.0,39835.0
2025-04-22 22:01:36.118754,39827.0,39836.0
2025-04-22 22:01:36.509768,39826.0,39835.0
2025-04-22 22:01:36.724609,39829.0,39838.0
2025-04-22 22:01:37.026399,39827.0,39836.0
2025-04-22 22:01:37.903338,39824.0,39833.0
2025-04-22 22:01:38.133763,39825.0,39834.0
2025-04-22 22:01:38.517233,39824.0,39833.0
2025-04-22 22:01:39.001773,39825.0,39834.0
2025-04-22 22:01:39.914507,39828.0,39837.0
2025-04-22 22:01:40.178104,39826.0,39835.0
2025-04-22 22:01:41.071589,39828.0,39837.0
2025-04-22 22:01:41.875837,39830.0,39837.0
2025-04-22 22:01:42.315536,39829.0,39837.0
2025-04-22 22:01:42.864975,39830.0,39835.0
2025-04-22 22:01:43.228595,39826.0,39835.0
2025-04-22 22:01:43.525301,39829.0,39838.0
2025-04-22 22:01:44.007070,39834.0,39843.0
2025-04-22 22:01:44.116889,39831.0,39840.0
2025-04-22 22:01:45.006123,39846.0,39853.0
2025-04-22 22:01:45.506227,39842.0,39851.0
2025-04-22 22:01:45.724376,39841.0,39850.0
2025-04-22 22:01:45.927044,39847.0,39856.0
2025-04-22 22:01:46.750430,39842.0,39851.0
2025-04-22 22:01:46.978483,39855.0,39862.0
2025-04-22 22:01:47.395807,39849.0,39858.0
2025-04-22 22:01:47.627418,39855.0,39864.0
2025-04-22 22:01:48.392073,39863.0,39872.0
2025-04-22 22:01:48.723422,39858.0,39867.0
2025-04-22 22:01:49.013443,39865.0,39874.0
2025-04-22 22:01:49.245246,39861.0,39870.0
2025-04-22 22:01:49.468186,39863.0,39872.0
2025-04-22 22:01:49.886020,39858.0,39867.0
2025-04-22 22:01:50.098141,39863.0,39872.0
2025-04-22 22:01:50.366128,39866.0,39875.0
2025-04-22 22:01:51.073852,39864.0,39873.0
2025-04-22 22:01:51.346090,39866.0,39875.0
2025-04-22 22:01:51.765984,39871.0,39876.0
2025-04-22 22:01:52.034175,39867.0,39876.0
2025-04-22 22:01:52.536600,39860.0,39869.0
2025-04-22 22:01:52.760268,39859.0,39868.0
2025-04-22 22:01:53.715968,39867.0,39872.0
2025-04-22 22:01:53.812546,39867.0,39876.0
2025-04-22 22:01:54.205717,39873.0,39876.0
2025-04-22 22:01:54.333682,39868.0,39877.0
2025-04-22 22:01:54.824266,39873.0,39879.0
2025-04-22 22:01:54.934255,39875.0,39884.0
2025-04-22 22:01:55.392203,39876.0,39885.0
2025-04-22 22:01:55.773810,39879.0,39888.0
2025-04-22 22:01:56.478321,39882.0,39891.0
2025-04-22 22:01:56.802633,39883.0,39892.0
2025-04-22 22:01:56.924472,39885.0,39893.0
2025-04-22 22:01:57.728917,39889.0,39896.0
2025-04-22 22:01:57.836079,39892.0,39897.0
2025-04-22 22:01:58.102045,39894.0,39903.0
2025-04-22 22:01:58.858525,39899.0,39908.0
2025-04-22 22:01:58.936763,39894.0,39903.0
2025-04-22 22:01:59.203281,39895.0,39904.0
2025-04-22 22:01:59.437738,39897.0,39906.0
2025-04-22 22:01:59.670689,39899.0,39908.0
2025-04-22 22:02:00.027929,39904.0,39913.0
2025-04-22 22:02:00.420961,39903.0,39912.0
2025-04-22 22:02:00.697137,39902.0,39911.0
2025-04-22 22:02:01.222744,39898.0,39907.0
2025-04-22 22:02:01.505354,39901.0,39910.0
2025-04-22 22:02:01.837037,39905.0,39914.0
2025-04-22 22:02:02.106044,39909.0,39918.0
2025-04-22 22:02:02.430692,39905.0,39914.0
2025-04-22 22:02:02.674813,39906.0,39915.0
2025-04-22 22:02:02.914711,39906.0,39914.0
2025-04-22 22:02:03.150379,39918.0,39927.0
2025-04-22 22:02:03.321754,39917.0,39926.0
2025-04-22 22:02:03.419341,39912.0,39921.0
2025-04-22 22:02:03.686161,39917.0,39926.0
2025-04-22 22:02:04.000407,39914.0,39921.0
2025-04-22 22:02:04.260227,39915.0,39921.0
2025-04-22 22:02:04.486930,39913.0,39922.0
2025-04-22 22:02:04.703131,39928.0,39937.0
2025-04-22 22:02:05.041426,39922.0,39931.0
2025-04-22 22:02:05.369030,39921.0,39930.0
2025-04-22 22:02:05.491319,39935.0,39944.0
2025-04-22 22:02:06.125124,39929.0,39938.0
2025-04-22 22:02:06.457228,39930.0,39939.0
2025-04-22 22:02:06.647579,39927.0,39936.0
2025-04-22 22:02:06.985669,39920.0,39929.0
2025-04-22 22:02:07.211097,39921.0,39929.0
2025-04-22 22:02:07.618541,39917.0,39926.0
2025-04-22 22:02:07.972510,39921.0,39930.0
2025-04-22 22:02:08.417174,39919.0,39928.0
2025-04-22 22:02:08.678926,39915.0,39924.0
2025-04-22 22:02:09.132356,39916.0,39925.0
2025-04-22 22:02:09.363579,39919.0,39928.0
2025-04-22 22:02:09.603320,39920.0,39929.0
2025-04-22 22:02:09.776074,39926.0,39935.0
2025-04-22 22:02:10.063299,39923.0,39932.0
2025-04-22 22:02:10.232229,39926.0,39935.0
2025-04-22 22:02:10.823610,39927.0,39936.0
2025-04-22 22:02:11.014060,39934.0,39943.0
2025-04-22 22:02:11.552941,39937.0,39946.0
2025-04-22 22:02:11.602761,39938.0,39947.0
2025-04-22 22:02:12.007715,39937.0,39945.0
2025-04-22 22:02:12.267181,39938.0,39947.0
2025-04-22 22:02:12.585380,39948.0,39957.0
2025-04-22 22:02:12.850583,39939.0,39947.0
2025-04-22 22:02:13.200648,39940.0,39949.0
2025-04-22 22:02:13.468993,39945.0,39954.0
2025-04-22 22:02:13.854677,39943.0,39952.0
2025-04-22 22:02:14.133003,39950.0,39959.0
2025-04-22 22:02:14.491110,39955.0,39964.0
2025-04-22 22:02:14.936207,39957.0,39966.0
2025-04-22 22:02:15.093774,39960.0,39969.0
2025-04-22 22:02:15.359290,39959.0,39968.0
2025-04-22 22:02:15.565971,39951.0,39960.0
2025-04-22 22:02:16.001595,39949.0,39958.0
2025-04-22 22:02:16.208041,39947.0,39956.0
2025-04-22 22:02:16.867568,39928.0,39937.0
2025-04-22 22:02:17.090303,39927.0,39936.0
2025-04-22 22:02:17.318948,39922.0,39931.0
2025-04-22 22:02:17.522397,39927.0,39936.0
2025-04-22 22:02:19.170991,39942.0,39951.0
2025-04-22 22:02:19.465225,39944.0,39953.0
2025-04-22 22:02:19.665192,39946.0,39955.0
2025-04-22 22:02:19.898306,39939.0,39948.0
2025-04-22 22:02:20.225427,39927.0,39936.0
2025-04-22 22:02:20.681324,39937.0,39946.0
2025-04-22 22:02:21.290552,39940.0,39949.0
2025-04-22 22:02:21.643290,39942.0,39951.0
2025-04-22 22:02:22.698096,39954.0,39963.0
2025-04-22 22:02:23.189142,39961.0,39970.0
2025-04-22 22:02:23.403919,39963.0,39972.0
2025-04-22 22:02:23.729529,39961.0,39970.0
2025-04-22 22:02:24.181599,39955.0,39964.0
2025-04-22 22:02:25.328900,39952.0,39961.0
2025-04-22 22:02:26.343343,39950.0,39959.0
2025-04-22 22:02:26.643401,39949.0,39958.0
2025-04-22 22:02:27.227856,39951.0,39960.0
2025-04-22 22:02:27.449616,39954.0,39963.0
2025-04-22 22:02:27.902854,39955.0,39964.0
2025-04-22 22:02:28.179023,39954.0,39963.0
2025-04-22 22:02:28.415368,39946.0,39955.0
2025-04-22 22:02:28.677818,39959.0,39968.0
2025-04-22 22:02:29.113909,39958.0,39967.0
2025-04-22 22:02:29.364886,39954.0,39963.0
2025-04-22 22:02:29.672036,39957.0,39966.0
2025-04-22 22:02:29.899594,39955.0,39964.0
2025-04-22 22:02:30.215166,39946.0,39955.0
2025-04-22 22:02:30.493507,39944.0,39953.0
2025-04-22 22:02:31.050155,39946.0,39955.0
2025-04-22 22:02:31.442438,39945.0,39954.0
2025-04-22 22:02:32.137934,39942.0,39951.0
2025-04-22 22:02:32.346534,39941.0,39950.0
2025-04-22 22:02:32.608287,39938.0,39947.0
2025-04-22 22:02:32.853076,39922.0,39931.0
2025-04-22 22:02:33.102891,39920.0,39929.0
2025-04-22 22:02:33.689942,39919.0,39928.0
2025-04-22 22:02:33.930727,39937.0,39946.0
2025-04-22 22:02:34.180603,39936.0,39945.0
2025-04-22 22:02:34.446078,39939.0,39948.0
2025-04-22 22:02:34.948149,39936.0,39945.0
2025-04-22 22:02:35.212624,39937.0,39946.0
2025-04-22 22:02:35.809790,39941.0,39950.0
2025-04-22 22:02:36.003953,39945.0,39954.0
2025-04-22 22:02:36.348406,39951.0,39960.0
2025-04-22 22:02:36.915043,39956.0,39965.0
2025-04-22 22:02:37.141620,39966.0,39975.0
2025-04-22 22:02:37.463373,39965.0,39974.0
2025-04-22 22:02:38.167538,39953.0,39962.0
2025-04-22 22:02:38.396067,39957.0,39966.0
2025-04-22 22:02:38.614053,39959.0,39968.0
2025-04-22 22:02:38.968394,39958.0,39966.0
2025-04-22 22:02:39.436640,39962.0,39971.0
2025-04-22 22:02:39.562331,39955.0,39964.0
2025-04-22 22:02:39.780900,39953.0,39962.0
2025-04-22 22:02:40.160851,39954.0,39961.0
2025-04-22 22:02:40.468993,39954.0,39963.0
2025-04-22 22:02:41.297264,39959.0,39968.0
2025-04-22 22:02:41.766356,39958.0,39967.0
2025-04-22 22:02:41.996777,39947.0,39956.0
2025-04-22 22:02:42.367626,39958.0,39967.0
2025-04-22 22:02:42.572469,39961.0,39970.0
2025-04-22 22:02:43.005582,39966.0,39975.0
2025-04-22 22:02:43.606729,39971.0,39979.0
2025-04-22 22:02:44.256105,39968.0,39977.0
2025-04-22 22:02:44.851815,39975.0,39984.0
2025-04-22 22:02:45.130655,39973.0,39982.0
2025-04-22 22:02:45.587734,39969.0,39978.0
2025-04-22 22:02:45.928225,39967.0,39976.0
2025-04-22 22:02:46.188215,39969.0,39978.0
2025-04-22 22:02:46.698864,39971.0,39980.0
2025-04-22 22:02:46.917626,39969.0,39978.0
2025-04-22 22:02:47.027195,39981.0,39990.0
2025-04-22 22:02:47.244140,39975.0,39984.0
2025-04-22 22:02:47.598543,39979.0,39988.0
2025-04-22 22:02:48.123910,39983.0,39992.0
2025-04-22 22:02:49.406818,39968.0,39977.0
2025-04-22 22:02:49.649861,39982.0,39991.0
2025-04-22 22:02:50.564454,39984.0,39992.0
2025-04-22 22:02:50.831018,39991.0,40000.0
2025-04-22 22:02:51.144630,39985.0,39994.0
2025-04-22 22:02:51.374688,39987.0,39996.0
2025-04-22 22:02:51.551446,39984.0,39993.0
2025-04-22 22:02:52.297981,39989.0,39998.0
2025-04-22 22:02:52.851770,39988.0,39997.0
2025-04-22 22:02:53.334843,39989.0,39998.0
2025-04-22 22:02:54.295197,39990.0,39999.0
2025-04-22 22:02:55.308546,39992.0,39999.0
2025-04-22 22:02:55.746468,39980.0,39989.0
2025-04-22 22:02:55.998404,39993.0,40002.0
2025-04-22 22:02:56.169872,39996.0,40003.0
2025-04-22 22:02:56.495115,39997.0,40006.0
2025-04-22 22:02:56.734531,39998.0,40007.0
2025-04-22 22:02:57.372262,40002.0,40011.0
2025-04-22 22:02:57.673031,40000.0,40008.0
2025-04-22 22:02:57.838422,40001.0,40010.0
2025-04-22 22:02:57.889534,39996.0,40005.0
2025-04-22 22:02:58.110614,40001.0,40010.0
2025-04-22 22:02:58.253868,40003.0,40012.0
2025-04-22 22:02:58.564961,39995.0,40001.0
2025-04-22 22:02:59.040236,39999.0,40008.0
2025-04-22 22:02:59.536678,40002.0,40010.0
2025-04-22 22:02:59.773501,40008.0,40017.0
2025-04-22 22:03:00.091531,40009.0,40018.0
2025-04-22 22:03:00.296092,40008.0,40017.0
2025-04-22 22:03:00.644008,40016.0,40025.0
2025-04-22 22:03:00.767186,40019.0,40028.0
2025-04-22 22:03:00.919328,40009.0,40018.0
2025-04-22 22:03:01.199360,40017.0,40026.0
2025-04-22 22:03:01.623750,40020.0,40029.0
2025-04-22 22:03:01.903076,40021.0,40030.0
2025-04-22 22:03:02.196350,40019.0,40028.0
2025-04-22 22:03:02.426483,40020.0,40026.0
2025-04-22 22:03:02.743320,40009.0,40018.0
2025-04-22 22:03:03.668289,40011.0,40020.0
2025-04-22 22:03:03.930219,40023.0,40032.0
2025-04-22 22:03:04.195997,40024.0,40033.0
2025-04-22 22:03:04.428762,40021.0,40030.0
2025-04-22 22:03:04.551458,40022.0,40029.0
2025-04-22 22:03:04.760005,40015.0,40024.0
2025-04-22 22:03:04.963264,40000.0,40009.0
2025-04-22 22:03:05.481400,39997.0,40006.0
2025-04-22 22:03:05.799550,39986.0,39995.0
2025-04-22 22:03:06.459132,39989.0,39998.0
2025-04-22 22:03:06.584833,39987.0,39996.0
2025-04-22 22:03:07.055659,39996.0,40005.0
2025-04-22 22:03:07.458577,39997.0,40006.0
2025-04-22 22:03:08.113068,39995.0,40004.0
2025-04-22 22:03:08.438087,39994.0,40003.0
2025-04-22 22:03:08.861034,39982.0,39991.0
2025-04-22 22:03:09.628005,39984.0,39993.0
2025-04-22 22:03:10.060179,39982.0,39991.0
2025-04-22 22:03:12.291158,39983.0,39990.0
2025-04-22 22:03:13.324878,39985.0,39990.0
2025-04-22 22:03:14.024566,39988.0,39996.0
2025-04-22 22:03:14.514274,39989.0,39996.0
2025-04-22 22:03:16.195245,39991.0,39996.0
2025-04-22 22:03:16.784761,39992.0,39998.0
2025-04-22 22:03:17.378157,39988.0,39997.0
2025-04-22 22:03:20.988781,39988.0,39994.0
2025-04-22 22:03:21.240933,39952.0,39960.0
2025-04-22 22:03:21.457978,39953.0,39962.0
2025-04-22 22:03:21.688963,39948.0,39957.0
2025-04-22 22:03:22.095180,39955.0,39964.0
2025-04-22 22:03:22.330340,39953.0,39962.0
2025-04-22 22:03:22.857469,39939.0,39948.0
2025-04-22 22:03:23.113849,39941.0,39950.0
2025-04-22 22:03:23.379093,39944.0,39953.0
2025-04-22 22:03:23.978142,39966.0,39975.0
2025-04-22 22:03:24.446794,39974.0,39983.0
2025-04-22 22:03:24.745419,39972.0,39981.0
2025-04-22 22:03:25.222542,39979.0,39988.0
2025-04-22 22:03:25.448906,39978.0,39987.0
2025-04-22 22:03:25.747502,39976.0,39985.0
2025-04-22 22:03:25.965733,39979.0,39988.0
2025-04-22 22:03:26.565444,39981.0,39990.0
2025-04-22 22:03:26.800936,39980.0,39989.0
2025-04-22 22:03:27.444465,39981.0,39990.0
2025-04-22 22:03:27.933591,39967.0,39976.0
2025-04-22 22:03:28.150959,39971.0,39980.0
2025-04-22 22:03:28.438452,39969.0,39978.0
2025-04-22 22:03:29.160901,39968.0,39977.0
2025-04-22 22:03:29.558426,39955.0,39964.0
2025-04-22 22:03:31.063692,39958.0,39967.0
2025-04-22 22:03:31.442443,39966.0,39975.0
2025-04-22 22:03:32.151542,39954.0,39963.0
2025-04-22 22:03:32.302274,39963.0,39972.0
2025-04-22 22:03:32.726359,39966.0,39975.0
2025-04-22 22:03:33.510031,39965.0,39974.0
2025-04-22 22:03:33.687818,39958.0,39967.0
2025-04-22 22:03:34.056792,39957.0,39966.0
2025-04-22 22:03:35.125091,39954.0,39963.0
2025-04-22 22:03:35.430048,39955.0,39964.0
2025-04-22 22:03:35.661101,39957.0,39966.0
2025-04-22 22:03:35.912994,39955.0,39964.0
2025-04-22 22:03:36.198755,39951.0,39960.0
2025-04-22 22:03:36.535561,39966.0,39975.0
2025-04-22 22:03:36.920828,39965.0,39974.0
2025-04-22 22:03:37.339244,39972.0,39981.0
2025-04-22 22:03:37.686728,39963.0,39972.0
2025-04-22 22:03:37.999430,39968.0,39977.0
2025-04-22 22:03:38.279354,39966.0,39975.0
2025-04-22 22:03:38.575007,39967.0,39976.0
2025-04-22 22:03:39.113435,39966.0,39975.0
2025-04-22 22:03:39.530070,39961.0,39970.0
2025-04-22 22:03:40.036403,39959.0,39968.0
2025-04-22 22:03:40.274136,39968.0,39977.0
2025-04-22 22:03:40.599885,39962.0,39971.0
2025-04-22 22:03:40.918061,39952.0,39961.0
2025-04-22 22:03:41.415920,39954.0,39963.0
2025-04-22 22:03:41.813747,39953.0,39962.0
2025-04-22 22:03:42.126452,39956.0,39965.0
2025-04-22 22:03:42.729115,39955.0,39964.0
2025-04-22 22:03:42.870890,39960.0,39969.0
2025-04-22 22:03:43.371016,39971.0,39980.0
2025-04-22 22:03:44.185300,39967.0,39976.0
2025-04-22 22:03:44.778489,39966.0,39975.0
2025-04-22 22:03:45.496626,39969.0,39978.0
2025-04-22 22:03:45.793644,39966.0,39975.0
2025-04-22 22:03:46.311031,39971.0,39979.0
2025-04-22 22:03:46.734969,39979.0,39988.0
2025-04-22 22:03:46.994773,39980.0,39989.0
2025-04-22 22:03:47.215213,39979.0,39988.0
2025-04-22 22:03:47.429576,39980.0,39989.0
2025-04-22 22:03:48.037188,39981.0,39990.0
2025-04-22 22:03:48.311631,39982.0,39990.0
2025-04-22 22:03:48.726562,39981.0,39990.0
2025-04-22 22:03:48.835222,39983.0,39992.0
2025-04-22 22:03:49.056569,39989.0,39998.0
2025-04-22 22:03:49.323898,39985.0,39994.0
2025-04-22 22:03:49.833064,39991.0,40000.0
2025-04-22 22:03:50.135318,39993.0,40002.0
2025-04-22 22:03:50.383767,39984.0,39993.0
2025-04-22 22:03:51.002115,39981.0,39990.0
2025-04-22 22:03:51.289511,39978.0,39987.0
2025-04-22 22:03:51.520346,39980.0,39989.0
2025-04-22 22:03:51.910769,39978.0,39987.0
2025-04-22 22:03:52.146921,39988.0,39997.0
2025-04-22 22:03:52.436954,39991.0,39999.0
2025-04-22 22:03:52.524816,39996.0,40005.0
2025-04-22 22:03:52.911525,39990.0,39999.0
2025-04-22 22:03:53.324631,39989.0,39998.0
2025-04-22 22:03:53.480631,39993.0,40002.0
2025-04-22 22:03:53.866474,39991.0,40000.0
2025-04-22 22:03:54.693419,39990.0,39999.0
2025-04-22 22:03:54.973573,39997.0,40006.0
2025-04-22 22:03:55.273671,39999.0,40008.0
2025-04-22 22:03:55.747145,39998.0,40007.0
2025-04-22 22:03:55.993400,40000.0,40009.0
2025-04-22 22:03:56.445865,39999.0,40008.0
2025-04-22 22:03:56.766783,39995.0,40004.0
2025-04-22 22:03:57.056207,39989.0,39998.0
2025-04-22 22:03:57.675527,39988.0,39997.0
2025-04-22 22:03:57.845776,39986.0,39995.0
2025-04-22 22:03:58.289092,39978.0,39987.0
2025-04-22 22:03:58.693968,39980.0,39989.0
2025-04-22 22:03:58.946919,39970.0,39979.0
2025-04-22 22:03:59.352705,39967.0,39976.0
2025-04-22 22:03:59.725987,39966.0,39975.0
2025-04-22 22:03:59.981036,39980.0,39989.0
2025-04-22 22:04:00.215929,39970.0,39979.0
2025-04-22 22:04:00.463009,39962.0,39971.0
2025-04-22 22:04:00.697670,39961.0,39970.0
2025-04-22 22:04:01.120515,39956.0,39965.0
2025-04-22 22:04:01.483316,39957.0,39966.0
2025-04-22 22:04:01.731828,39958.0,39967.0
2025-04-22 22:04:02.213361,39960.0,39969.0
2025-04-22 22:04:02.541309,39958.0,39967.0
2025-04-22 22:04:03.048806,39965.0,39974.0
2025-04-22 22:04:03.549561,39960.0,39969.0
2025-04-22 22:04:04.198582,39957.0,39966.0
2025-04-22 22:04:04.422563,39959.0,39965.0
2025-04-22 22:04:04.673274,39957.0,39966.0
2025-04-22 22:04:04.906420,39954.0,39962.0
2025-04-22 22:04:06.109369,39958.0,39967.0
2025-04-22 22:04:06.501975,39963.0,39972.0
2025-04-22 22:04:06.749817,39961.0,39970.0
2025-04-22 22:04:07.223582,39973.0,39982.0
2025-04-22 22:04:07.693038,39965.0,39974.0
2025-04-22 22:04:07.993465,39964.0,39973.0
2025-04-22 22:04:08.373944,39962.0,39971.0
2025-04-22 22:04:09.132085,39957.0,39966.0
2025-04-22 22:04:09.578109,39966.0,39975.0
2025-04-22 22:04:10.271615,39962.0,39971.0
2025-04-22 22:04:10.764142,39963.0,39972.0
2025-04-22 22:04:12.069703,39961.0,39970.0
2025-04-22 22:04:12.360298,39957.0,39966.0
2025-04-22 22:04:12.866766,39959.0,39968.0
2025-04-22 22:04:13.195820,39961.0,39970.0
2025-04-22 22:04:13.687966,39962.0,39971.0
2025-04-22 22:04:16.113098,39968.0,39977.0
2025-04-22 22:04:16.987123,39960.0,39969.0
2025-04-22 22:04:17.434351,39965.0,39974.0
2025-04-22 22:04:18.133215,39959.0,39968.0
2025-04-22 22:04:18.564041,39963.0,39972.0
2025-04-22 22:04:18.898586,39960.0,39969.0
2025-04-22 22:04:19.138983,39958.0,39967.0
2025-04-22 22:04:19.574103,39960.0,39969.0
2025-04-22 22:04:19.632404,39958.0,39967.0
2025-04-22 22:04:19.903417,39953.0,39962.0
2025-04-22 22:04:20.462664,39955.0,39964.0
2025-04-22 22:04:21.053631,39956.0,39965.0
2025-04-22 22:04:21.350979,39954.0,39963.0
2025-04-22 22:04:21.714419,39957.0,39966.0
2025-04-22 22:04:21.999617,39956.0,39965.0
2025-04-22 22:04:22.674672,39957.0,39966.0
2025-04-22 22:04:24.872297,39958.0,39966.0
2025-04-22 22:04:25.436065,39951.0,39960.0
2025-04-22 22:04:25.615081,39953.0,39962.0
2025-04-22 22:04:25.961198,39956.0,39965.0
2025-04-22 22:04:26.723843,39958.0,39965.0
2025-04-22 22:04:27.056125,39951.0,39960.0
2025-04-22 22:04:27.798639,39956.0,39965.0
2025-04-22 22:04:29.314411,39958.0,39965.0
2025-04-22 22:04:29.604144,39952.0,39961.0
2025-04-22 22:04:30.046307,39954.0,39963.0
2025-04-22 22:04:30.318001,39956.0,39965.0
2025-04-22 22:04:30.630602,39952.0,39961.0
2025-04-22 22:04:30.839898,39954.0,39963.0
2025-04-22 22:04:31.233430,39949.0,39958.0
2025-04-22 22:04:31.738297,39957.0,39965.0
2025-04-22 22:04:32.081222,39951.0,39960.0
2025-04-22 22:04:32.688716,39953.0,39962.0
2025-04-22 22:04:32.963328,39957.0,39964.0
2025-04-22 22:04:33.289065,39956.0,39962.0
2025-04-22 22:04:33.848898,39957.0,39962.0
2025-04-22 22:04:34.143150,39955.0,39964.0
2025-04-22 22:04:34.715449,39953.0,39962.0
2025-04-22 22:04:35.017944,39954.0,39963.0
2025-04-22 22:04:35.899824,39955.0,39963.0
2025-04-22 22:04:36.198250,39954.0,39963.0
2025-04-22 22:04:36.751734,39949.0,39958.0
2025-04-22 22:04:37.101597,39957.0,39963.0
2025-04-22 22:04:37.345885,39956.0,39962.0
2025-04-22 22:04:37.518915,39952.0,39960.0
2025-04-22 22:04:37.781078,39956.0,39965.0
2025-04-22 22:04:38.220291,39958.0,39966.0
2025-04-22 22:04:38.750545,39964.0,39973.0
2025-04-22 22:04:40.163310,39955.0,39964.0
2025-04-22 22:04:41.124617,39957.0,39966.0
2025-04-22 22:04:41.771564,39959.0,39968.0
2025-04-22 22:04:41.984035,39966.0,39975.0
2025-04-22 22:04:43.175093,39964.0,39973.0
2025-04-22 22:04:46.125530,39966.0,39975.0
2025-04-22 22:04:46.735656,39964.0,39973.0
2025-04-22 22:04:47.474060,39956.0,39961.0
2025-04-22 22:04:47.813513,39964.0,39973.0
2025-04-22 22:04:48.143914,39961.0,39970.0
2025-04-22 22:04:48.938699,39969.0,39978.0
2025-04-22 22:04:49.186904,39968.0,39977.0
2025-04-22 22:04:49.435746,39967.0,39976.0
2025-04-22 22:04:49.687768,39958.0,39967.0
2025-04-22 22:04:50.949799,39959.0,39968.0
2025-04-22 22:04:51.796134,39956.0,39965.0
2025-04-22 22:04:51.819137,39959.0,39968.0
2025-04-22 22:04:52.498439,39960.0,39969.0
2025-04-22 22:04:56.939958,39956.0,39965.0
2025-04-22 22:04:58.484070,39955.0,39964.0
2025-04-22 22:04:59.461461,39952.0,39961.0
2025-04-22 22:05:00.351703,39956.0,39965.0
2025-04-22 22:05:00.552630,39957.0,39966.0
2025-04-22 22:05:01.163120,39950.0,39959.0
2025-04-22 22:05:01.670223,39955.0,39964.0
2025-04-22 22:05:02.275559,39956.0,39965.0
2025-04-22 22:05:02.992012,39954.0,39963.0
2025-04-22 22:05:03.447595,39948.0,39957.0
2025-04-22 22:05:03.658223,39946.0,39955.0
2025-04-22 22:05:03.840638,39938.0,39946.0
2025-04-22 22:05:04.339670,39942.0,39951.0
2025-04-22 22:05:04.656432,39932.0,39941.0
2025-04-22 22:05:05.222400,39931.0,39940.0
2025-04-22 22:05:05.405317,39932.0,39941.0
2025-04-22 22:05:05.898257,39942.0,39951.0
2025-04-22 22:05:06.219334,39953.0,39962.0
2025-04-22 22:05:06.499315,39949.0,39958.0
2025-04-22 22:05:07.320668,39948.0,39957.0
2025-04-22 22:05:07.479658,39947.0,39956.0
2025-04-22 22:05:07.827901,39938.0,39947.0
2025-04-22 22:05:08.056095,39933.0,39942.0
2025-04-22 22:05:08.516185,39934.0,39943.0
2025-04-22 22:05:08.727251,39932.0,39941.0
2025-04-22 22:05:08.913961,39933.0,39942.0
2025-04-22 22:05:09.085734,39934.0,39943.0
2025-04-22 22:05:09.639985,39931.0,39940.0
2025-04-22 22:05:09.867541,39926.0,39935.0
2025-04-22 22:05:10.007182,39925.0,39934.0
2025-04-22 22:05:10.164795,39926.0,39935.0
2025-04-22 22:05:10.936224,39922.0,39931.0
2025-04-22 22:05:11.136736,39921.0,39930.0
2025-04-22 22:05:11.786367,39932.0,39941.0
2025-04-22 22:05:12.467345,39928.0,39937.0
2025-04-22 22:05:12.853101,39927.0,39936.0
2025-04-22 22:05:13.195504,39922.0,39931.0
2025-04-22 22:05:14.038076,39920.0,39929.0
2025-04-22 22:05:15.835496,39917.0,39926.0
2025-04-22 22:05:16.376192,39913.0,39922.0
2025-04-22 22:05:16.611021,39921.0,39930.0
2025-04-22 22:05:17.103060,39923.0,39932.0
2025-04-22 22:05:17.690990,39927.0,39936.0
2025-04-22 22:05:18.424620,39925.0,39934.0
2025-04-22 22:05:19.000869,39927.0,39936.0
2025-04-22 22:05:19.466527,39928.0,39937.0
2025-04-22 22:05:20.225616,39926.0,39935.0
2025-04-22 22:05:20.453881,39929.0,39938.0
2025-04-22 22:05:20.735522,39926.0,39935.0
2025-04-22 22:05:21.955936,39927.0,39936.0
2025-04-22 22:05:22.492648,39926.0,39935.0
2025-04-22 22:05:23.096764,39922.0,39931.0
2025-04-22 22:05:23.683285,39917.0,39926.0
2025-04-22 22:05:23.978442,39923.0,39932.0
2025-04-22 22:05:24.233222,39919.0,39926.0
2025-04-22 22:05:24.799182,39913.0,39920.0
2025-04-22 22:05:25.097949,39913.0,39922.0
2025-04-22 22:05:25.295291,39913.0,39920.0
2025-04-22 22:05:25.881262,39913.0,39922.0
2025-04-22 22:05:25.941580,39906.0,39915.0
2025-04-22 22:05:26.398142,39905.0,39908.0
2025-04-22 22:05:26.539376,39900.0,39909.0
2025-04-22 22:05:26.630819,39902.0,39910.0
2025-04-22 22:05:27.115823,39901.0,39910.0
2025-04-22 22:05:27.346209,39905.0,39914.0
2025-04-22 22:05:27.518159,39892.0,39899.0
2025-04-22 22:05:28.095088,39888.0,39897.0
2025-04-22 22:05:28.348469,39891.0,39900.0
2025-04-22 22:05:28.595771,39899.0,39908.0
2025-04-22 22:05:29.039423,39895.0,39904.0
2025-04-22 22:05:29.224250,39898.0,39907.0
2025-04-22 22:05:29.426362,39900.0,39909.0
2025-04-22 22:05:29.814204,39897.0,39906.0
2025-04-22 22:05:30.035965,39894.0,39903.0
2025-04-22 22:05:30.255710,39888.0,39897.0
2025-04-22 22:05:30.659135,39894.0,39903.0
2025-04-22 22:05:30.879908,39895.0,39904.0
2025-04-22 22:05:31.214587,39887.0,39896.0
2025-04-22 22:05:32.773418,39886.0,39895.0
2025-04-22 22:05:32.872190,39888.0,39897.0
2025-04-22 22:05:33.876898,39890.0,39899.0
2025-04-22 22:05:34.508376,39889.0,39898.0
2025-04-22 22:05:34.723957,39891.0,39900.0
2025-04-22 22:05:35.175261,39887.0,39896.0
2025-04-22 22:05:35.667118,39907.0,39914.0
2025-04-22 22:05:36.132253,39891.0,39900.0
2025-04-22 22:05:36.483227,39893.0,39902.0
2025-04-22 22:05:36.892277,39894.0,39903.0
2025-04-22 22:05:37.070544,39893.0,39902.0
2025-04-22 22:05:37.352867,39906.0,39915.0
2025-04-22 22:05:37.584576,39905.0,39914.0
2025-04-22 22:05:37.603903,39905.0,39913.0
2025-04-22 22:05:38.175344,39903.0,39912.0
2025-04-22 22:05:38.438939,39897.0,39906.0
2025-04-22 22:05:38.860117,39903.0,39912.0
2025-04-22 22:05:39.233024,39902.0,39911.0
2025-04-22 22:05:39.545610,39901.0,39910.0
2025-04-22 22:05:40.170830,39905.0,39914.0
2025-04-22 22:05:40.504062,39903.0,39912.0
2025-04-22 22:05:41.590148,39901.0,39910.0
2025-04-22 22:05:42.509384,39902.0,39911.0
2025-04-22 22:05:43.619272,39898.0,39907.0
2025-04-22 22:05:44.079279,39904.0,39913.0
2025-04-22 22:05:44.395650,39915.0,39924.0
2025-04-22 22:05:45.062795,39917.0,39926.0
2025-04-22 22:05:45.213892,39918.0,39927.0
2025-04-22 22:05:45.447742,39921.0,39930.0
2025-04-22 22:05:45.676908,39889.0,39898.0
2025-04-22 22:05:45.894414,39887.0,39896.0
2025-04-22 22:05:46.374004,39888.0,39897.0
2025-04-22 22:05:46.642440,39889.0,39898.0
2025-04-22 22:05:46.876298,39888.0,39897.0
2025-04-22 22:05:47.303015,39886.0,39895.0
2025-04-22 22:05:47.746044,39893.0,39902.0
2025-04-22 22:05:48.183035,39889.0,39898.0
2025-04-22 22:05:48.452018,39887.0,39896.0
2025-04-22 22:05:48.848409,39890.0,39899.0
2025-04-22 22:05:49.027773,39887.0,39896.0
2025-04-22 22:05:50.230275,39891.0,39900.0
2025-04-22 22:05:50.442964,39892.0,39901.0
2025-04-22 22:05:51.313678,39896.0,39905.0
2025-04-22 22:05:51.836394,39893.0,39902.0
2025-04-22 22:05:53.409018,39892.0,39901.0
2025-04-22 22:05:53.479623,39890.0,39899.0
2025-04-22 22:05:54.030716,39892.0,39901.0
2025-04-22 22:05:55.016518,39897.0,39906.0
2025-04-22 22:05:55.513687,39893.0,39902.0
2025-04-22 22:05:56.011371,39894.0,39903.0
2025-04-22 22:05:57.009579,39893.0,39902.0
2025-04-22 22:05:57.393624,39890.0,39899.0
2025-04-22 22:05:57.534801,39889.0,39898.0
2025-04-22 22:05:57.934329,39891.0,39900.0
2025-04-22 22:05:58.122882,39893.0,39902.0
2025-04-22 22:05:58.572481,39891.0,39900.0
2025-04-22 22:05:58.895710,39885.0,39894.0
2025-04-22 22:05:59.568341,39884.0,39893.0
2025-04-22 22:05:59.819200,39895.0,39904.0
2025-04-22 22:06:00.296443,39891.0,39900.0
2025-04-22 22:06:00.579682,39894.0,39903.0
2025-04-22 22:06:00.824529,39892.0,39901.0
2025-04-22 22:06:01.258547,39893.0,39902.0
2025-04-22 22:06:02.756433,39895.0,39902.0
2025-04-22 22:06:03.008802,39890.0,39899.0
2025-04-22 22:06:03.305157,39892.0,39901.0
2025-04-22 22:06:03.741562,39897.0,39906.0
2025-04-22 22:06:04.147659,39899.0,39908.0
2025-04-22 22:06:04.628694,39894.0,39903.0
2025-04-22 22:06:04.909866,39900.0,39909.0
2025-04-22 22:06:05.387975,39897.0,39906.0
2025-04-22 22:06:05.796182,39896.0,39905.0
2025-04-22 22:06:06.126968,39897.0,39906.0
2025-04-22 22:06:06.577407,39898.0,39907.0
2025-04-22 22:06:07.080624,39900.0,39909.0
2025-04-22 22:06:07.758765,39899.0,39908.0
2025-04-22 22:06:08.227771,39897.0,39906.0
2025-04-22 22:06:08.845447,39894.0,39903.0
2025-04-22 22:06:09.812287,39892.0,39901.0
2025-04-22 22:06:10.309157,39895.0,39904.0
2025-04-22 22:06:10.742443,39896.0,39905.0
2025-04-22 22:06:11.387585,39893.0,39902.0
2025-04-22 22:06:12.082859,39894.0,39903.0
2025-04-22 22:06:12.356564,39895.0,39904.0
2025-04-22 22:06:13.190338,39897.0,39906.0
2025-04-22 22:06:13.647405,39896.0,39905.0
2025-04-22 22:06:14.178033,39897.0,39906.0
2025-04-22 22:06:14.928954,39894.0,39903.0
2025-04-22 22:06:17.232280,39892.0,39901.0
2025-04-22 22:06:17.612406,39895.0,39904.0
2025-04-22 22:06:18.318807,39896.0,39905.0
2025-04-22 22:06:18.760685,39894.0,39903.0
2025-04-22 22:06:19.126139,39893.0,39902.0
2025-04-22 22:06:19.751032,39892.0,39901.0
2025-04-22 22:06:20.265189,39889.0,39898.0
2025-04-22 22:06:22.890907,39888.0,39897.0
2025-04-22 22:06:23.198302,39887.0,39896.0
2025-04-22 22:06:23.550309,39890.0,39899.0
2025-04-22 22:06:23.811363,39888.0,39897.0
2025-04-22 22:06:24.356981,39884.0,39893.0
2025-04-22 22:06:24.587894,39886.0,39895.0
2025-04-22 22:06:25.429263,39883.0,39892.0
2025-04-22 22:06:25.513114,39886.0,39895.0
2025-04-22 22:06:25.848110,39884.0,39893.0
2025-04-22 22:06:26.458489,39883.0,39892.0
2025-04-22 22:06:27.443988,39885.0,39894.0
2025-04-22 22:06:28.672190,39882.0,39891.0
2025-04-22 22:06:29.163598,39881.0,39890.0
2025-04-22 22:06:30.160986,39877.0,39886.0
2025-04-22 22:06:30.643742,39875.0,39884.0
2025-04-22 22:06:31.176967,39871.0,39880.0
2025-04-22 22:06:31.416722,39873.0,39882.0
2025-04-22 22:06:32.502884,39870.0,39879.0
2025-04-22 22:06:33.099079,39875.0,39884.0
2025-04-22 22:06:33.337052,39871.0,39880.0
2025-04-22 22:06:33.669348,39873.0,39882.0
2025-04-22 22:06:33.902731,39870.0,39879.0
2025-04-22 22:06:34.152700,39872.0,39881.0
2025-04-22 22:06:34.495808,39870.0,39879.0
2025-04-22 22:06:34.783464,39873.0,39882.0
2025-04-22 22:06:35.672058,39871.0,39880.0
2025-04-22 22:06:35.881708,39874.0,39883.0
2025-04-22 22:06:36.134763,39870.0,39879.0
2025-04-22 22:06:36.511713,39865.0,39874.0
2025-04-22 22:06:36.742651,39876.0,39885.0
2025-04-22 22:06:36.975649,39879.0,39888.0
2025-04-22 22:06:37.212639,39883.0,39892.0
2025-04-22 22:06:37.874455,39886.0,39895.0
2025-04-22 22:06:38.135804,39878.0,39887.0
2025-04-22 22:06:38.810007,39879.0,39888.0
2025-04-22 22:06:39.144163,39864.0,39873.0
2025-04-22 22:06:39.803604,39867.0,39876.0
2025-04-22 22:06:40.332661,39873.0,39882.0
2025-04-22 22:06:40.578192,39869.0,39878.0
2025-04-22 22:06:40.791872,39873.0,39882.0
2025-04-22 22:06:41.346574,39871.0,39880.0
2025-04-22 22:06:41.843708,39874.0,39883.0
2025-04-22 22:06:42.581016,39872.0,39881.0
2025-04-22 22:06:42.830173,39874.0,39883.0
2025-04-22 22:06:43.676776,39871.0,39880.0
2025-04-22 22:06:45.056845,39868.0,39877.0
2025-04-22 22:06:45.625756,39884.0,39893.0
2025-04-22 22:06:45.946445,39871.0,39880.0
2025-04-22 22:06:47.028323,39863.0,39872.0
2025-04-22 22:06:47.325712,39868.0,39877.0
2025-04-22 22:06:48.319436,39869.0,39878.0
2025-04-22 22:06:51.137541,39861.0,39870.0
2025-04-22 22:06:51.763369,39867.0,39876.0
2025-04-22 22:06:52.438539,39862.0,39871.0
2025-04-22 22:06:53.157746,39866.0,39875.0
2025-04-22 22:06:53.422830,39865.0,39874.0
2025-04-22 22:06:53.614239,39864.0,39873.0
2025-04-22 22:06:53.711306,39866.0,39875.0
2025-04-22 22:06:54.472768,39865.0,39874.0
2025-04-22 22:06:54.771825,39867.0,39876.0
2025-04-22 22:06:55.344235,39868.0,39877.0
2025-04-22 22:06:55.667961,39865.0,39874.0
2025-04-22 22:06:55.951723,39868.0,39877.0
2025-04-22 22:06:56.559896,39866.0,39875.0
2025-04-22 22:06:57.454815,39867.0,39876.0
2025-04-22 22:06:59.039373,39865.0,39874.0
2025-04-22 22:06:59.169580,39867.0,39876.0
2025-04-22 22:06:59.534412,39875.0,39884.0
2025-04-22 22:07:00.277564,39874.0,39883.0
2025-04-22 22:07:00.389361,39872.0,39881.0
2025-04-22 22:07:00.611073,39874.0,39883.0
2025-04-22 22:07:01.067419,39871.0,39879.0
2025-04-22 22:07:02.481242,39881.0,39890.0
2025-04-22 22:07:03.359516,39885.0,39894.0
2025-04-22 22:07:03.807913,39883.0,39892.0
2025-04-22 22:07:04.111632,39885.0,39894.0
2025-04-22 22:07:04.561058,39887.0,39896.0
2025-04-22 22:07:04.715058,39888.0,39897.0
2025-04-22 22:07:05.211481,39889.0,39898.0
2025-04-22 22:07:05.634010,39891.0,39900.0
2025-04-22 22:07:06.333629,39885.0,39894.0
2025-04-22 22:07:06.538751,39881.0,39890.0
2025-04-22 22:07:07.031403,39880.0,39889.0
2025-04-22 22:07:07.603864,39882.0,39891.0
2025-04-22 22:07:08.923629,39890.0,39899.0
2025-04-22 22:07:09.404330,39881.0,39890.0
2025-04-22 22:07:09.882915,39880.0,39889.0
2025-04-22 22:07:10.012505,39884.0,39893.0
2025-04-22 22:07:11.331518,39883.0,39892.0
2025-04-22 22:07:11.833696,39885.0,39894.0
2025-04-22 22:07:13.211295,39884.0,39893.0
2025-04-22 22:07:13.893907,39885.0,39894.0
2025-04-22 22:07:14.888541,39887.0,39896.0
2025-04-22 22:07:15.282218,39889.0,39898.0
2025-04-22 22:07:15.786167,39877.0,39886.0
2025-04-22 22:07:16.182260,39881.0,39890.0
2025-04-22 22:07:16.949310,39882.0,39891.0
2025-04-22 22:07:17.747379,39879.0,39888.0
2025-04-22 22:07:18.443936,39875.0,39884.0
2025-04-22 22:07:19.258122,39873.0,39882.0
2025-04-22 22:07:19.702222,39874.0,39883.0
2025-04-22 22:07:19.931655,39870.0,39873.0
2025-04-22 22:07:20.080923,39863.0,39872.0
2025-04-22 22:07:20.479221,39866.0,39872.0
2025-04-22 22:07:21.811227,39866.0,39870.0
2025-04-22 22:07:22.118560,39868.0,39877.0
2025-04-22 22:07:22.589296,39868.0,39875.0
2025-04-22 22:07:23.231718,39868.0,39877.0
2025-04-22 22:07:25.986759,39876.0,39885.0
2025-04-22 22:07:26.685080,39874.0,39883.0
2025-04-22 22:07:27.919337,39874.0,39882.0
2025-04-22 22:07:28.556991,39874.0,39881.0
2025-04-22 22:07:29.535488,39876.0,39885.0
2025-04-22 22:07:30.847065,39872.0,39879.0
2025-04-22 22:07:31.661962,39872.0,39878.0
2025-04-22 22:07:33.180818,39870.0,39879.0
2025-04-22 22:07:33.955804,39872.0,39881.0
2025-04-22 22:07:34.356856,39870.0,39878.0
2025-04-22 22:07:34.554435,39872.0,39878.0
2025-04-22 22:07:34.988225,39869.0,39876.0
2025-04-22 22:07:35.486798,39870.0,39879.0
2025-04-22 22:07:35.981563,39871.0,39878.0
2025-04-22 22:07:36.911991,39871.0,39880.0
2025-04-22 22:07:37.807894,39871.0,39875.0
2025-04-22 22:07:38.149170,39869.0,39876.0
2025-04-22 22:07:38.612975,39866.0,39872.0
2025-04-22 22:07:38.935287,39867.0,39876.0
2025-04-22 22:07:40.116114,39864.0,39870.0
2025-04-22 22:07:40.606262,39871.0,39880.0
2025-04-22 22:07:41.078880,39872.0,39878.0
2025-04-22 22:07:41.881470,39867.0,39875.0
2025-04-22 22:07:42.528321,39867.0,39876.0
2025-04-22 22:07:42.708416,39865.0,39873.0
2025-04-22 22:07:43.439761,39866.0,39873.0
2025-04-22 22:07:44.003824,39866.0,39875.0
2025-04-22 22:07:44.781351,39865.0,39874.0
2025-04-22 22:07:45.151487,39866.0,39873.0
2025-04-22 22:07:46.050982,39864.0,39870.0
2025-04-22 22:07:46.379798,39866.0,39873.0
2025-04-22 22:07:46.829987,39863.0,39872.0
2025-04-22 22:07:46.999622,39860.0,39869.0
2025-04-22 22:07:51.863495,39859.0,39867.0
2025-04-22 22:07:52.328860,39858.0,39867.0
2025-04-22 22:07:52.770520,39857.0,39866.0
2025-04-22 22:07:52.980340,39853.0,39862.0
2025-04-22 22:07:53.478386,39856.0,39865.0
2025-04-22 22:07:53.671995,39858.0,39867.0
2025-04-22 22:07:55.678177,39856.0,39865.0
2025-04-22 22:07:57.012779,39854.0,39863.0
2025-04-22 22:07:58.627069,39866.0,39875.0
2025-04-22 22:07:59.580042,39869.0,39878.0
2025-04-22 22:08:00.681917,39868.0,39877.0
2025-04-22 22:08:00.936354,39869.0,39878.0
2025-04-22 22:08:01.936632,39864.0,39873.0
2025-04-22 22:08:02.499462,39857.0,39866.0
2025-04-22 22:08:02.747854,39855.0,39864.0
2025-04-22 22:08:03.930842,39859.0,39868.0
2025-04-22 22:08:04.489526,39856.0,39865.0
2025-04-22 22:08:05.290237,39858.0,39867.0
2025-04-22 22:08:05.646636,39857.0,39866.0
2025-04-22 22:08:06.214355,39856.0,39865.0
2025-04-22 22:08:07.289856,39857.0,39866.0
2025-04-22 22:08:08.065699,39856.0,39865.0
2025-04-22 22:08:08.394109,39860.0,39869.0
2025-04-22 22:08:09.008427,39857.0,39866.0
2025-04-22 22:08:09.782954,39859.0,39868.0
2025-04-22 22:08:10.059442,39856.0,39862.0
2025-04-22 22:08:10.263749,39860.0,39869.0
2025-04-22 22:08:10.333592,39861.0,39870.0
2025-04-22 22:08:10.799014,39862.0,39871.0
2025-04-22 22:08:11.178202,39860.0,39869.0
2025-04-22 22:08:11.536001,39864.0,39873.0
2025-04-22 22:08:12.001017,39856.0,39865.0
2025-04-22 22:08:12.525827,39855.0,39864.0
2025-04-22 22:08:13.320356,39858.0,39867.0
2025-04-22 22:08:13.585032,39854.0,39863.0
2025-04-22 22:08:15.863339,39860.0,39869.0
2025-04-22 22:08:16.048495,39861.0,39870.0
2025-04-22 22:08:16.470905,39861.0,39867.0
2025-04-22 22:08:16.974670,39857.0,39866.0
2025-04-22 22:08:18.008360,39863.0,39872.0
2025-04-22 22:08:18.493439,39872.0,39881.0
2025-04-22 22:08:18.776876,39868.0,39877.0
2025-04-22 22:08:20.823159,39854.0,39863.0
2025-04-22 22:08:23.528905,39857.0,39866.0
2025-04-22 22:08:26.455750,39859.0,39868.0
2025-04-22 22:08:27.720059,39867.0,39872.0
2025-04-22 22:08:28.236759,39857.0,39866.0
2025-04-22 22:08:28.261648,39854.0,39863.0
2025-04-22 22:08:28.623304,39852.0,39861.0
2025-04-22 22:08:29.279770,39854.0,39863.0
2025-04-22 22:08:29.659941,39855.0,39864.0
2025-04-22 22:08:30.582636,39848.0,39857.0
2025-04-22 22:08:31.541853,39850.0,39859.0
2025-04-22 22:08:33.504317,39851.0,39860.0
2025-04-22 22:08:36.313184,39850.0,39859.0
2025-04-22 22:08:36.530511,39853.0,39862.0
2025-04-22 22:08:38.167121,39852.0,39861.0
2025-04-22 22:08:38.487111,39849.0,39858.0
2025-04-22 22:08:39.536626,39850.0,39859.0
2025-04-22 22:08:40.034280,39849.0,39858.0
2025-04-22 22:08:40.403181,39856.0,39865.0
2025-04-22 22:08:41.175531,39853.0,39862.0
2025-04-22 22:08:41.721230,39852.0,39861.0
2025-04-22 22:08:41.929527,39848.0,39857.0
2025-04-22 22:08:42.514143,39849.0,39858.0
2025-04-22 22:08:45.173604,39850.0,39859.0
2025-04-22 22:08:47.442473,39856.0,39865.0
2025-04-22 22:08:49.983116,39849.0,39858.0
2025-04-22 22:08:50.402594,39850.0,39857.0
2025-04-22 22:08:50.664027,39849.0,39858.0
2025-04-22 22:08:51.562692,39848.0,39855.0
2025-04-22 22:08:51.773573,39856.0,39865.0
2025-04-22 22:08:52.607085,39851.0,39860.0
2025-04-22 22:08:53.471591,39852.0,39861.0
2025-04-22 22:08:53.597038,39850.0,39859.0
2025-04-22 22:08:55.280711,39853.0,39862.0
2025-04-22 22:08:55.954241,39852.0,39861.0
2025-04-22 22:08:56.679536,39858.0,39867.0
2025-04-22 22:08:58.275345,39854.0,39863.0
2025-04-22 22:08:59.742735,39855.0,39864.0
2025-04-22 22:09:00.225589,39854.0,39863.0
2025-04-22 22:09:00.384593,39851.0,39860.0
2025-04-22 22:09:01.204495,39850.0,39859.0
2025-04-22 22:09:01.905065,39849.0,39858.0
2025-04-22 22:09:02.234887,39848.0,39857.0
2025-04-22 22:09:02.714661,39850.0,39859.0
2025-04-22 22:09:03.220651,39845.0,39854.0
2025-04-22 22:09:05.427258,39842.0,39851.0
2025-04-22 22:09:05.728440,39849.0,39858.0
2025-04-22 22:09:06.687627,39848.0,39857.0
2025-04-22 22:09:07.790008,39851.0,39860.0
2025-04-22 22:09:08.104168,39852.0,39861.0
2025-04-22 22:09:08.685923,39854.0,39863.0
2025-04-22 22:09:09.617793,39853.0,39862.0
2025-04-22 22:09:09.755547,39857.0,39866.0
2025-04-22 22:09:10.109517,39859.0,39868.0
2025-04-22 22:09:11.751588,39860.0,39869.0
2025-04-22 22:09:12.933938,39851.0,39860.0
2025-04-22 22:09:13.313842,39855.0,39864.0
2025-04-22 22:09:14.174421,39851.0,39860.0
2025-04-22 22:09:16.050766,39850.0,39859.0
2025-04-22 22:09:16.820318,39849.0,39858.0
2025-04-22 22:09:17.160676,39852.0,39861.0
2025-04-22 22:09:18.342664,39851.0,39860.0
2025-04-22 22:09:19.437480,39846.0,39855.0
2025-04-22 22:09:20.356787,39848.0,39857.0
2025-04-22 22:09:20.531504,39846.0,39855.0
2025-04-22 22:09:21.071627,39849.0,39858.0
2025-04-22 22:09:22.772128,39850.0,39859.0
2025-04-22 22:09:25.477835,39848.0,39857.0
2025-04-22 22:09:25.781388,39837.0,39846.0
2025-04-22 22:09:26.449850,39836.0,39845.0
2025-04-22 22:09:27.526425,39835.0,39844.0
2025-04-22 22:09:29.368123,39834.0,39843.0
2025-04-22 22:09:29.553299,39836.0,39845.0
2025-04-22 22:09:30.160586,39837.0,39846.0
2025-04-22 22:09:30.411361,39838.0,39847.0
2025-04-22 22:09:30.757127,39839.0,39848.0
2025-04-22 22:09:31.193254,39838.0,39847.0
2025-04-22 22:09:31.690766,39835.0,39844.0
2025-04-22 22:09:32.261717,39838.0,39847.0
2025-04-22 22:09:32.532196,39836.0,39845.0
2025-04-22 22:09:32.855956,39835.0,39844.0
2025-04-22 22:09:33.043962,39839.0,39848.0
2025-04-22 22:09:33.407534,39838.0,39847.0
2025-04-22 22:09:34.228942,39836.0,39845.0
2025-04-22 22:09:34.687366,39838.0,39847.0
2025-04-22 22:09:35.186797,39840.0,39849.0
2025-04-22 22:09:35.459891,39839.0,39848.0
2025-04-22 22:09:35.955813,39820.0,39829.0
2025-04-22 22:09:36.520137,39821.0,39830.0
2025-04-22 22:09:37.010331,39823.0,39832.0
2025-04-22 22:09:37.368390,39819.0,39828.0
2025-04-22 22:09:37.632728,39816.0,39824.0
2025-04-22 22:09:38.372723,39817.0,39826.0
2025-04-22 22:09:38.608549,39818.0,39827.0
2025-04-22 22:09:38.980461,39816.0,39822.0
2025-04-22 22:09:39.639098,39817.0,39826.0
2025-04-22 22:09:40.066800,39815.0,39824.0
2025-04-22 22:09:40.225019,39816.0,39825.0
2025-04-22 22:09:40.701067,39813.0,39822.0
2025-04-22 22:09:41.596674,39814.0,39823.0
2025-04-22 22:09:41.653266,39815.0,39824.0
2025-04-22 22:09:43.120899,39814.0,39823.0
2025-04-22 22:09:43.627631,39813.0,39822.0
2025-04-22 22:09:43.702087,39812.0,39821.0
2025-04-22 22:09:44.295351,39814.0,39822.0
2025-04-22 22:09:44.527373,39815.0,39824.0
2025-04-22 22:09:45.230390,39814.0,39823.0
2025-04-22 22:09:45.686292,39818.0,39827.0
2025-04-22 22:09:46.008089,39817.0,39826.0
2025-04-22 22:09:46.468292,39820.0,39829.0
2025-04-22 22:09:46.877076,39815.0,39824.0
2025-04-22 22:09:47.471565,39819.0,39828.0
2025-04-22 22:09:48.027711,39815.0,39824.0
2025-04-22 22:09:48.789316,39818.0,39827.0
2025-04-22 22:09:49.245730,39817.0,39826.0
2025-04-22 22:09:49.750828,39819.0,39828.0
2025-04-22 22:09:49.899056,39818.0,39827.0
2025-04-22 22:09:50.426984,39819.0,39828.0
2025-04-22 22:09:50.919100,39818.0,39827.0
2025-04-22 22:09:51.405080,39817.0,39826.0
2025-04-22 22:09:52.226938,39818.0,39827.0
2025-04-22 22:09:53.008787,39816.0,39825.0
2025-04-22 22:09:53.832625,39818.0,39827.0
2025-04-22 22:09:54.136585,39817.0,39826.0
2025-04-22 22:09:55.011268,39816.0,39824.0
2025-04-22 22:09:55.612067,39816.0,39825.0
2025-04-22 22:09:56.097948,39819.0,39828.0
2025-04-22 22:09:56.366059,39815.0,39824.0
2025-04-22 22:09:57.217052,39816.0,39823.0
2025-04-22 22:09:57.928141,39815.0,39824.0
2025-04-22 22:09:58.748411,39814.0,39818.0
2025-04-22 22:09:58.992523,39815.0,39824.0
2025-04-22 22:09:59.211353,39817.0,39826.0
2025-04-22 22:09:59.669899,39815.0,39824.0
2025-04-22 22:10:00.410760,39814.0,39822.0
2025-04-22 22:10:00.575409,39812.0,39820.0
2025-04-22 22:10:01.066914,39817.0,39826.0
2025-04-22 22:10:01.139599,39815.0,39824.0
2025-04-22 22:10:01.852118,39814.0,39823.0
2025-04-22 22:10:02.454501,39818.0,39827.0
2025-04-22 22:10:03.295749,39817.0,39826.0
2025-04-22 22:10:03.793561,39816.0,39825.0
2025-04-22 22:10:04.261176,39819.0,39828.0
2025-04-22 22:10:04.466169,39817.0,39826.0
2025-04-22 22:10:04.891079,39819.0,39828.0
2025-04-22 22:10:05.376732,39814.0,39823.0
2025-04-22 22:10:05.703027,39818.0,39827.0
2025-04-22 22:10:05.936985,39816.0,39825.0
2025-04-22 22:10:07.141550,39813.0,39822.0
2025-04-22 22:10:07.538428,39815.0,39822.0
2025-04-22 22:10:07.844600,39813.0,39818.0
2025-04-22 22:10:08.189699,39814.0,39823.0
2025-04-22 22:10:08.540062,39817.0,39826.0
2025-04-22 22:10:08.604511,39815.0,39824.0
2025-04-22 22:10:09.256576,39818.0,39827.0
2025-04-22 22:10:09.464688,39817.0,39826.0
2025-04-22 22:10:09.630873,39815.0,39824.0
2025-04-22 22:10:10.054404,39810.0,39819.0
2025-04-22 22:10:11.273872,39808.0,39817.0
2025-04-22 22:10:11.539687,39810.0,39819.0
2025-04-22 22:10:12.023639,39809.0,39818.0
2025-04-22 22:10:12.341412,39809.0,39817.0
2025-04-22 22:10:12.625495,39807.0,39816.0
2025-04-22 22:10:13.442701,39811.0,39820.0
2025-04-22 22:10:14.547518,39809.0,39818.0
2025-04-22 22:10:14.746509,39807.0,39815.0
2025-04-22 22:10:15.588323,39807.0,39812.0
2025-04-22 22:10:16.220597,39804.0,39812.0
2025-04-22 22:10:16.635475,39805.0,39814.0
2025-04-22 22:10:16.884784,39802.0,39808.0
2025-04-22 22:10:17.384857,39802.0,39807.0
2025-04-22 22:10:17.905600,39801.0,39807.0
2025-04-22 22:10:18.649732,39796.0,39805.0
2025-04-22 22:10:18.679683,39795.0,39804.0
2025-04-22 22:10:19.409829,39796.0,39805.0
2025-04-22 22:10:19.676696,39794.0,39803.0
2025-04-22 22:10:20.993850,39792.0,39800.0
2025-04-22 22:10:21.523317,39794.0,39803.0
2025-04-22 22:10:21.943047,39792.0,39801.0
2025-04-22 22:10:22.209470,39794.0,39801.0
2025-04-22 22:10:22.679690,39793.0,39802.0
2025-04-22 22:10:22.952493,39792.0,39800.0
2025-04-22 22:10:23.199394,39789.0,39798.0
2025-04-22 22:10:23.638834,39793.0,39802.0
2025-04-22 22:10:24.753755,39794.0,39802.0
2025-04-22 22:10:25.079002,39794.0,39801.0
2025-04-22 22:10:25.280222,39786.0,39795.0
2025-04-22 22:10:26.079425,39788.0,39797.0
2025-04-22 22:10:26.790309,39787.0,39796.0
2025-04-22 22:10:27.094661,39785.0,39794.0
2025-04-22 22:10:27.338971,39787.0,39796.0
2025-04-22 22:10:28.061926,39786.0,39795.0
2025-04-22 22:10:28.525491,39788.0,39797.0
2025-04-22 22:10:29.498058,39787.0,39796.0
2025-04-22 22:10:29.558747,39797.0,39806.0
2025-04-22 22:10:30.056749,39806.0,39814.0
2025-04-22 22:10:30.307718,39803.0,39812.0
2025-04-22 22:10:30.547348,39801.0,39810.0
2025-04-22 22:10:30.861360,39804.0,39813.0
2025-04-22 22:10:31.180564,39802.0,39811.0
2025-04-22 22:10:31.611129,39803.0,39812.0
2025-04-22 22:10:32.067155,39802.0,39811.0
2025-04-22 22:10:32.749056,39804.0,39813.0
2025-04-22 22:10:32.966698,39806.0,39815.0
2025-04-22 22:10:33.107284,39807.0,39816.0
2025-04-22 22:10:33.582993,39802.0,39811.0
2025-04-22 22:10:33.687958,39805.0,39814.0
2025-04-22 22:10:34.002765,39808.0,39817.0
2025-04-22 22:10:34.852306,39807.0,39816.0
2025-04-22 22:10:35.359158,39809.0,39818.0
2025-04-22 22:10:35.709982,39810.0,39819.0
2025-04-22 22:10:36.243656,39808.0,39817.0
2025-04-22 22:10:36.371655,39812.0,39821.0
2025-04-22 22:10:37.064112,39809.0,39818.0
2025-04-22 22:10:38.082426,39810.0,39819.0
2025-04-22 22:10:38.253408,39814.0,39822.0
2025-04-22 22:10:38.487338,39820.0,39829.0
2025-04-22 22:10:38.644483,39821.0,39830.0
2025-04-22 22:10:38.973010,39825.0,39834.0
2025-04-22 22:10:39.374656,39823.0,39830.0
2025-04-22 22:10:40.674523,39830.0,39837.0
2025-04-22 22:10:40.955748,39830.0,39839.0
2025-04-22 22:10:41.269975,39830.0,39838.0
2025-04-22 22:10:41.794205,39832.0,39841.0
2025-04-22 22:10:42.104645,39831.0,39840.0
2025-04-22 22:10:42.613611,39830.0,39839.0
2025-04-22 22:10:42.823894,39828.0,39835.0
2025-04-22 22:10:44.478606,39833.0,39842.0
2025-04-22 22:10:44.972209,39828.0,39837.0
2025-04-22 22:10:45.161665,39828.0,39835.0
2025-04-22 22:10:45.876249,39832.0,39841.0
2025-04-22 22:10:46.241867,39829.0,39838.0
2025-04-22 22:10:49.374633,39830.0,39838.0
2025-04-22 22:10:50.317976,39830.0,39837.0
2025-04-22 22:10:51.734425,39830.0,39836.0
2025-04-22 22:10:52.046499,39828.0,39837.0
2025-04-22 22:10:52.223849,39826.0,39835.0
2025-04-22 22:10:52.726459,39821.0,39830.0
2025-04-22 22:10:54.713552,39825.0,39834.0
2025-04-22 22:10:56.843383,39829.0,39838.0
2025-04-22 22:10:57.383757,39828.0,39837.0
2025-04-22 22:10:57.782733,39829.0,39838.0
2025-04-22 22:10:58.200037,39828.0,39837.0
2025-04-22 22:11:00.338688,39832.0,39841.0
2025-04-22 22:11:00.636830,39829.0,39838.0
2025-04-22 22:11:01.376396,39828.0,39837.0
2025-04-22 22:11:01.789412,39830.0,39839.0
2025-04-22 22:11:01.810426,39829.0,39838.0
2025-04-22 22:11:02.834136,39830.0,39837.0
2025-04-22 22:11:03.519785,39831.0,39840.0
2025-04-22 22:11:03.834327,39829.0,39835.0
2025-04-22 22:11:05.011582,39829.0,39838.0
2025-04-22 22:11:05.310269,39830.0,39839.0
2025-04-22 22:11:05.756606,39829.0,39838.0
2025-04-22 22:11:06.623508,39832.0,39841.0
2025-04-22 22:11:08.731218,39833.0,39842.0
2025-04-22 22:11:09.991660,39834.0,39843.0
2025-04-22 22:11:10.842174,39838.0,39847.0
2025-04-22 22:11:11.057190,39837.0,39846.0
2025-04-22 22:11:11.990303,39837.0,39845.0
2025-04-22 22:11:14.305350,39837.0,39841.0
2025-04-22 22:11:15.221582,39839.0,39848.0
2025-04-22 22:11:15.532382,39842.0,39851.0
2025-04-22 22:11:15.828905,39839.0,39847.0
2025-04-22 22:11:16.488326,39837.0,39844.0
2025-04-22 22:11:17.806732,39836.0,39844.0
2025-04-22 22:11:18.029611,39835.0,39840.0
2025-04-22 22:11:18.334913,39836.0,39845.0
2025-04-22 22:11:18.749877,39835.0,39844.0
2025-04-22 22:11:21.826434,39836.0,39844.0
2025-04-22 22:11:24.650921,39833.0,39842.0
2025-04-22 22:11:25.911449,39833.0,39837.0
2025-04-22 22:11:26.638486,39833.0,39841.0
2025-04-22 22:11:26.919181,39832.0,39839.0
2025-04-22 22:11:27.369121,39834.0,39841.0
2025-04-22 22:11:27.658140,39831.0,39839.0
2025-04-22 22:11:28.098712,39832.0,39839.0
2025-04-22 22:11:32.855185,39836.0,39845.0
2025-04-22 22:11:32.990533,39831.0,39839.0
2025-04-22 22:11:33.829308,39833.0,39837.0
2025-04-22 22:11:34.076099,39832.0,39841.0
2025-04-22 22:11:35.092291,39831.0,39839.0
2025-04-22 22:11:36.168785,39823.0,39832.0
2025-04-22 22:11:37.499719,39824.0,39833.0
2025-04-22 22:11:38.522348,39821.0,39830.0
2025-04-22 22:11:38.804118,39820.0,39829.0
2025-04-22 22:11:40.012418,39821.0,39830.0
2025-04-22 22:11:41.121376,39822.0,39831.0
2025-04-22 22:11:45.719872,39822.0,39830.0
2025-04-22 22:11:46.603023,39820.0,39829.0
2025-04-22 22:11:47.388079,39821.0,39830.0
2025-04-22 22:11:49.545105,39823.0,39832.0
2025-04-22 22:11:50.191539,39822.0,39831.0
2025-04-22 22:11:51.604527,39825.0,39832.0
2025-04-22 22:11:55.650130,39822.0,39831.0
2025-04-22 22:11:56.153653,39823.0,39832.0
2025-04-22 22:11:57.551729,39822.0,39831.0
2025-04-22 22:11:57.954614,39821.0,39830.0
2025-04-22 22:11:59.932987,39824.0,39833.0
2025-04-22 22:12:05.217105,39821.0,39830.0
2025-04-22 22:12:14.644059,39820.0,39829.0
2025-04-22 22:12:14.875696,39817.0,39826.0
2025-04-22 22:12:15.463939,39818.0,39827.0
2025-04-22 22:12:15.966109,39813.0,39821.0
2025-04-22 22:12:16.241404,39804.0,39813.0
2025-04-22 22:12:16.449982,39806.0,39815.0
2025-04-22 22:12:17.457659,39809.0,39818.0
2025-04-22 22:12:17.956335,39806.0,39815.0
2025-04-22 22:12:18.324813,39809.0,39818.0
2025-04-22 22:12:18.580659,39805.0,39814.0
2025-04-22 22:12:19.505631,39806.0,39815.0
2025-04-22 22:12:22.015313,39809.0,39818.0
2025-04-22 22:12:23.138411,39806.0,39815.0
2025-04-22 22:12:24.751233,39808.0,39817.0
2025-04-22 22:12:25.336310,39805.0,39814.0
2025-04-22 22:12:25.541130,39807.0,39816.0
2025-04-22 22:12:25.875604,39810.0,39819.0
2025-04-22 22:12:26.210088,39808.0,39817.0
2025-04-22 22:12:26.872177,39806.0,39815.0
2025-04-22 22:12:27.877383,39807.0,39816.0
2025-04-22 22:12:30.086229,39806.0,39815.0
2025-04-22 22:12:31.145803,39812.0,39821.0
2025-04-22 22:12:31.376717,39814.0,39823.0
2025-04-22 22:12:32.198394,39815.0,39824.0
2025-04-22 22:12:33.004943,39820.0,39829.0
2025-04-22 22:12:33.761583,39821.0,39830.0
2025-04-22 22:12:34.179106,39819.0,39828.0
2025-04-22 22:12:35.974597,39820.0,39829.0
2025-04-22 22:12:36.416903,39816.0,39825.0
2025-04-22 22:12:37.010086,39818.0,39827.0
2025-04-22 22:12:37.519879,39820.0,39829.0
2025-04-22 22:12:37.972935,39823.0,39832.0
2025-04-22 22:12:43.171006,39821.0,39830.0
2025-04-22 22:12:43.655032,39817.0,39826.0
2025-04-22 22:12:44.504277,39821.0,39827.0
2025-04-22 22:12:44.750344,39818.0,39827.0
2025-04-22 22:12:46.675203,39820.0,39829.0
2025-04-22 22:12:47.164079,39819.0,39828.0
2025-04-22 22:12:49.869163,39821.0,39830.0
2025-04-22 22:12:50.394235,39819.0,39828.0
2025-04-22 22:12:52.429754,39820.0,39829.0
2025-04-22 22:12:52.917442,39824.0,39833.0
2025-04-22 22:12:53.424361,39825.0,39834.0
2025-04-22 22:12:53.677893,39829.0,39835.0
2025-04-22 22:12:54.198580,39824.0,39833.0
2025-04-22 22:12:55.636602,39822.0,39830.0
2025-04-22 22:12:55.918317,39824.0,39830.0
2025-04-22 22:12:57.583029,39825.0,39834.0
2025-04-22 22:12:59.068836,39823.0,39832.0
2025-04-22 22:12:59.406381,39820.0,39829.0
2025-04-22 22:13:01.001136,39822.0,39831.0
2025-04-22 22:13:03.119645,39819.0,39828.0
2025-04-22 22:13:03.480077,39820.0,39829.0
2025-04-22 22:13:04.348436,39821.0,39830.0
2025-04-22 22:13:05.115532,39819.0,39828.0
2025-04-22 22:13:06.289731,39821.0,39830.0
2025-04-22 22:13:07.809323,39822.0,39831.0
2025-04-22 22:13:08.199726,39818.0,39827.0
2025-04-22 22:13:08.653204,39820.0,39829.0
2025-04-22 22:13:09.149126,39819.0,39828.0
2025-04-22 22:13:13.800116,39816.0,39825.0
2025-04-22 22:13:15.181331,39815.0,39824.0
2025-04-22 22:13:15.681098,39817.0,39826.0
2025-04-22 22:13:16.184011,39814.0,39823.0
2025-04-22 22:13:16.509312,39816.0,39825.0
2025-04-22 22:13:18.665533,39813.0,39822.0
2025-04-22 22:13:19.167738,39814.0,39823.0
2025-04-22 22:13:20.420671,39815.0,39824.0
2025-04-22 22:13:22.183106,39816.0,39825.0
2025-04-22 22:13:24.798142,39818.0,39827.0
2025-04-22 22:13:25.575913,39817.0,39826.0
2025-04-22 22:13:26.024982,39818.0,39827.0
2025-04-22 22:13:27.728464,39816.0,39825.0
2025-04-22 22:13:28.371420,39814.0,39823.0
2025-04-22 22:13:30.534914,39812.0,39821.0
2025-04-22 22:13:32.262551,39811.0,39820.0
2025-04-22 22:13:33.253413,39813.0,39822.0
2025-04-22 22:13:37.015710,39814.0,39823.0
2025-04-22 22:13:37.857796,39813.0,39822.0
2025-04-22 22:13:41.963906,39817.0,39821.0
2025-04-22 22:13:43.472084,39815.0,39821.0
2025-04-22 22:13:43.755052,39817.0,39823.0
2025-04-22 22:13:44.441396,39815.0,39820.0
2025-04-22 22:13:45.936959,39818.0,39822.0
2025-04-22 22:13:46.637957,39817.0,39822.0
2025-04-22 22:13:47.901787,39814.0,39823.0
2025-04-22 22:13:48.752089,39814.0,39821.0
2025-04-22 22:13:50.566124,39813.0,39818.0
2025-04-22 22:13:51.016656,39813.0,39821.0
2025-04-22 22:13:53.374705,39815.0,39822.0
2025-04-22 22:13:53.948111,39815.0,39821.0
2025-04-22 22:13:54.405181,39816.0,39821.0
2025-04-22 22:13:54.904926,39816.0,39822.0
2025-04-22 22:13:55.852118,39816.0,39821.0
2025-04-22 22:13:56.869162,39816.0,39822.0
2025-04-22 22:13:57.530449,39810.0,39819.0
2025-04-22 22:13:57.805944,39812.0,39821.0
2025-04-22 22:13:58.371010,39811.0,39820.0
2025-04-22 22:14:05.090063,39810.0,39819.0
2025-04-22 22:14:06.271312,39811.0,39820.0
2025-04-22 22:14:07.868667,39810.0,39819.0
2025-04-22 22:14:15.584365,39819.0,39821.0
2025-04-22 22:14:16.274949,39810.0,39818.0
2025-04-22 22:14:16.300480,39810.0,39819.0
2025-04-22 22:14:16.800833,39811.0,39820.0
2025-04-22 22:14:17.242574,39815.0,39819.0
2025-04-22 22:14:18.506654,39816.0,39821.0
2025-04-22 22:14:19.007642,39816.0,39824.0
2025-04-22 22:14:19.396370,39811.0,39820.0
2025-04-22 22:14:23.037482,39813.0,39822.0
2025-04-22 22:14:23.524842,39816.0,39825.0
2025-04-22 22:14:24.275812,39815.0,39824.0
2025-04-22 22:14:27.029986,39814.0,39822.0
2025-04-22 22:14:28.348638,39819.0,39824.0
2025-04-22 22:14:34.217771,39817.0,39826.0
2025-04-22 22:14:36.377709,39814.0,39823.0
2025-04-22 22:14:37.573280,39818.0,39827.0
2025-04-22 22:14:38.603314,39819.0,39828.0
2025-04-22 22:14:40.039551,39815.0,39824.0
2025-04-22 22:14:41.551907,39817.0,39826.0
2025-04-22 22:14:46.490280,39815.0,39824.0
2025-04-22 22:14:49.791824,39817.0,39826.0
2025-04-22 22:14:51.746919,39825.0,39830.0
2025-04-22 22:14:52.144804,39858.0,39867.0
2025-04-22 22:14:53.165106,39860.0,39869.0
2025-04-22 22:14:53.586385,39854.0,39863.0
2025-04-22 22:14:53.754821,39852.0,39861.0
2025-04-22 22:14:54.070790,39851.0,39860.0
2025-04-22 22:14:54.401177,39855.0,39864.0
2025-04-22 22:14:54.542821,39852.0,39861.0
2025-04-22 22:14:55.420703,39855.0,39863.0
2025-04-22 22:14:55.922021,39851.0,39857.0
2025-04-22 22:14:56.413087,39848.0,39857.0
2025-04-22 22:14:56.620195,39849.0,39858.0
2025-04-22 22:14:57.183376,39857.0,39866.0
2025-04-22 22:14:57.634614,39859.0,39868.0
2025-04-22 22:14:57.805894,39859.0,39866.0
2025-04-22 22:14:58.098130,39860.0,39869.0
2025-04-22 22:14:59.074573,39858.0,39867.0
2025-04-22 22:14:59.357146,39861.0,39870.0
2025-04-22 22:14:59.772436,39858.0,39867.0
2025-04-22 22:15:00.313234,39860.0,39866.0
2025-04-22 22:15:00.793195,39858.0,39867.0
2025-04-22 22:15:01.357083,39856.0,39865.0
2025-04-22 22:15:01.764056,39858.0,39867.0
2025-04-22 22:15:02.000365,39855.0,39864.0
2025-04-22 22:15:02.309830,39856.0,39865.0
2025-04-22 22:15:03.079602,39854.0,39863.0
2025-04-22 22:15:03.461223,39855.0,39864.0
2025-04-22 22:15:03.777824,39854.0,39863.0
2025-04-22 22:15:04.010110,39853.0,39862.0
2025-04-22 22:15:04.525182,39848.0,39857.0
2025-04-22 22:15:04.907844,39845.0,39854.0
2025-04-22 22:15:05.151054,39844.0,39853.0
2025-04-22 22:15:05.444147,39846.0,39855.0
2025-04-22 22:15:05.790115,39844.0,39853.0
2025-04-22 22:15:06.642616,39845.0,39854.0
2025-04-22 22:15:07.251651,39846.0,39855.0
2025-04-22 22:15:08.110144,39849.0,39858.0
2025-04-22 22:15:08.615741,39848.0,39857.0
2025-04-22 22:15:09.984729,39847.0,39856.0
2025-04-22 22:15:10.911128,39851.0,39860.0
2025-04-22 22:15:11.191551,39850.0,39859.0
2025-04-22 22:15:13.087741,39851.0,39860.0
2025-04-22 22:15:13.585953,39850.0,39859.0
2025-04-22 22:15:14.263097,39848.0,39857.0
2025-04-22 22:15:14.579818,39845.0,39854.0
2025-04-22 22:15:15.674478,39840.0,39849.0
2025-04-22 22:15:16.373261,39841.0,39850.0
2025-04-22 22:15:16.657427,39839.0,39848.0
2025-04-22 22:15:17.655920,39838.0,39847.0
2025-04-22 22:15:18.407321,39837.0,39846.0
2025-04-22 22:15:18.782505,39839.0,39848.0
2025-04-22 22:15:19.395456,39841.0,39850.0
2025-04-22 22:15:19.630950,39840.0,39849.0
2025-04-22 22:15:19.932402,39847.0,39856.0
2025-04-22 22:15:20.572329,39850.0,39859.0
2025-04-22 22:15:20.839396,39847.0,39856.0
2025-04-22 22:15:21.584127,39848.0,39857.0
2025-04-22 22:15:21.953203,39841.0,39850.0
2025-04-22 22:15:22.300265,39848.0,39857.0
2025-04-22 22:15:23.143634,39850.0,39859.0
2025-04-22 22:15:23.452008,39849.0,39858.0
2025-04-22 22:15:23.654987,39848.0,39857.0
2025-04-22 22:15:24.090491,39851.0,39860.0
2025-04-22 22:15:24.651699,39839.0,39848.0
2025-04-22 22:15:25.649758,39837.0,39846.0
2025-04-22 22:15:26.221807,39835.0,39841.0
2025-04-22 22:15:26.840263,39834.0,39843.0
2025-04-22 22:15:27.368826,39835.0,39844.0
2025-04-22 22:15:28.038477,39832.0,39841.0
2025-04-22 22:15:29.065431,39834.0,39841.0
2025-04-22 22:15:29.480805,39834.0,39843.0
2025-04-22 22:15:30.454766,39837.0,39846.0
2025-04-22 22:15:31.571679,39838.0,39847.0
2025-04-22 22:15:31.828886,39838.0,39845.0
2025-04-22 22:15:32.084402,39836.0,39842.0
2025-04-22 22:15:32.571153,39837.0,39846.0
2025-04-22 22:15:33.215974,39838.0,39847.0
2025-04-22 22:15:33.663258,39837.0,39846.0
2025-04-22 22:15:34.206435,39843.0,39852.0
2025-04-22 22:15:34.575272,39846.0,39855.0
2025-04-22 22:15:34.934860,39843.0,39850.0
2025-04-22 22:15:35.207547,39844.0,39853.0
2025-04-22 22:15:35.571147,39843.0,39852.0
2025-04-22 22:15:35.835302,39844.0,39853.0
2025-04-22 22:15:36.427502,39845.0,39853.0
2025-04-22 22:15:37.248188,39843.0,39852.0
2025-04-22 22:15:37.369886,39842.0,39851.0
2025-04-22 22:15:37.873229,39844.0,39853.0
2025-04-22 22:15:39.113243,39843.0,39852.0
2025-04-22 22:15:40.238782,39844.0,39853.0
2025-04-22 22:15:41.621823,39848.0,39857.0
2025-04-22 22:15:42.216970,39849.0,39858.0
2025-04-22 22:15:42.388174,39848.0,39857.0
2025-04-22 22:15:43.629257,39847.0,39856.0
2025-04-22 22:15:44.800842,39847.0,39854.0
2025-04-22 22:15:45.146069,39850.0,39859.0
2025-04-22 22:15:45.821047,39848.0,39857.0
2025-04-22 22:15:46.470367,39850.0,39859.0
2025-04-22 22:15:46.744252,39851.0,39860.0
2025-04-22 22:15:47.255802,39849.0,39858.0
2025-04-22 22:15:47.722829,39853.0,39862.0
2025-04-22 22:15:48.032827,39851.0,39860.0
2025-04-22 22:15:49.700484,39853.0,39862.0
2025-04-22 22:15:50.689659,39839.0,39848.0
2025-04-22 22:15:50.959196,39840.0,39849.0
2025-04-22 22:15:51.166511,39842.0,39851.0
2025-04-22 22:15:51.587521,39847.0,39856.0
2025-04-22 22:15:52.026938,39848.0,39857.0
2025-04-22 22:15:52.525125,39847.0,39856.0
2025-04-22 22:15:54.349050,39848.0,39857.0
2025-04-22 22:15:57.293857,39847.0,39856.0
2025-04-22 22:16:01.004589,39848.0,39857.0
2025-04-22 22:16:02.033468,39843.0,39852.0
2025-04-22 22:16:02.675603,39844.0,39853.0
2025-04-22 22:16:04.012333,39845.0,39854.0
2025-04-22 22:16:04.595091,39846.0,39855.0
2025-04-22 22:16:04.720493,39838.0,39847.0
2025-04-22 22:16:06.848752,39840.0,39849.0
2025-04-22 22:16:07.818910,39841.0,39850.0
2025-04-22 22:16:08.172077,39838.0,39847.0
2025-04-22 22:16:08.814363,39836.0,39845.0
2025-04-22 22:16:09.964487,39842.0,39851.0
2025-04-22 22:16:10.989197,39840.0,39849.0
2025-04-22 22:16:12.518728,39838.0,39847.0
2025-04-22 22:16:12.616615,39839.0,39848.0
2025-04-22 22:16:13.215753,39834.0,39843.0
2025-04-22 22:16:13.334096,39831.0,39840.0
2025-04-22 22:16:14.207470,39832.0,39841.0
2025-04-22 22:16:14.875899,39830.0,39838.0
2025-04-22 22:16:15.570090,39831.0,39840.0
2025-04-22 22:16:17.415390,39834.0,39843.0
2025-04-22 22:16:17.660994,39832.0,39841.0
2025-04-22 22:16:18.156153,39830.0,39839.0
2025-04-22 22:16:19.222220,39831.0,39840.0
2025-04-22 22:16:20.365251,39832.0,39841.0
2025-04-22 22:16:21.564803,39831.0,39840.0
2025-04-22 22:16:21.931222,39833.0,39842.0
2025-04-22 22:16:22.535894,39832.0,39841.0
2025-04-22 22:16:23.102652,39831.0,39840.0
2025-04-22 22:16:23.321032,39835.0,39844.0
2025-04-22 22:16:25.875178,39833.0,39842.0
2025-04-22 22:16:26.663156,39836.0,39845.0
2025-04-22 22:16:28.534052,39838.0,39847.0
2025-04-22 22:16:30.595358,39839.0,39848.0
2025-04-22 22:16:31.460694,39837.0,39846.0
2025-04-22 22:16:32.264930,39838.0,39847.0
2025-04-22 22:16:32.481962,39841.0,39850.0
2025-04-22 22:16:32.730259,39840.0,39849.0
2025-04-22 22:16:33.134718,39841.0,39850.0
2025-04-22 22:16:33.645836,39839.0,39848.0
2025-04-22 22:16:34.035621,39844.0,39853.0
2025-04-22 22:16:34.678523,39842.0,39851.0
2025-04-22 22:16:36.987481,39840.0,39849.0
2025-04-22 22:16:37.291251,39844.0,39853.0
2025-04-22 22:16:37.715663,39840.0,39849.0
2025-04-22 22:16:38.175791,39854.0,39863.0
2025-04-22 22:16:38.374358,39853.0,39862.0
2025-04-22 22:16:41.138580,39854.0,39863.0
2025-04-22 22:16:41.356332,39857.0,39866.0
2025-04-22 22:16:41.862014,39864.0,39873.0
2025-04-22 22:16:42.106418,39860.0,39869.0
2025-04-22 22:16:43.345539,39861.0,39870.0
2025-04-22 22:16:43.602226,39862.0,39871.0
2025-04-22 22:16:44.298341,39860.0,39869.0
2025-04-22 22:16:44.703160,39861.0,39870.0
2025-04-22 22:16:46.387676,39859.0,39868.0
2025-04-22 22:16:47.308421,39859.0,39867.0
2025-04-22 22:16:47.564734,39855.0,39864.0
2025-04-22 22:16:48.489429,39855.0,39862.0
2025-04-22 22:16:52.106958,39853.0,39860.0
2025-04-22 22:16:54.056436,39853.0,39859.0
2025-04-22 22:16:54.498857,39855.0,39862.0
2025-04-22 22:16:56.268228,39851.0,39860.0
2025-04-22 22:16:56.952688,39847.0,39856.0
2025-04-22 22:16:58.401839,39849.0,39858.0
2025-04-22 22:16:59.214411,39850.0,39859.0
2025-04-22 22:16:59.840749,39847.0,39856.0
2025-04-22 22:17:00.344258,39846.0,39855.0
2025-04-22 22:17:00.953765,39845.0,39854.0
2025-04-22 22:17:02.132718,39846.0,39855.0
2025-04-22 22:17:02.605576,39850.0,39859.0
2025-04-22 22:17:02.872758,39849.0,39858.0
2025-04-22 22:17:05.693211,39850.0,39859.0
2025-04-22 22:17:12.381629,39848.0,39857.0
2025-04-22 22:17:13.193577,39846.0,39855.0
2025-04-22 22:17:14.963860,39849.0,39858.0
2025-04-22 22:17:16.670036,39852.0,39861.0
2025-04-22 22:17:17.007827,39839.0,39848.0
2025-04-22 22:17:17.542705,39835.0,39844.0
2025-04-22 22:17:18.754551,39834.0,39843.0
2025-04-22 22:17:19.457383,39832.0,39841.0
2025-04-22 22:17:20.384248,39836.0,39845.0
2025-04-22 22:17:21.905893,39832.0,39841.0
2025-04-22 22:17:22.325184,39833.0,39842.0
2025-04-22 22:17:22.573044,39832.0,39841.0
2025-04-22 22:17:22.869928,39836.0,39845.0
2025-04-22 22:17:23.136323,39839.0,39848.0
2025-04-22 22:17:24.239553,39838.0,39847.0
2025-04-22 22:17:24.607170,39831.0,39840.0
2025-04-22 22:17:26.043786,39832.0,39841.0
2025-04-22 22:17:26.623290,39833.0,39842.0
2025-04-22 22:17:27.303848,39831.0,39840.0
2025-04-22 22:17:27.502502,39832.0,39841.0
2025-04-22 22:17:28.099609,39830.0,39839.0
2025-04-22 22:17:28.710976,39832.0,39841.0
2025-04-22 22:17:29.966429,39829.0,39836.0
2025-04-22 22:17:30.289311,39828.0,39834.0
2025-04-22 22:17:30.728493,39822.0,39830.0
2025-04-22 22:17:31.080374,39822.0,39831.0
2025-04-22 22:17:31.415996,39823.0,39830.0
2025-04-22 22:17:31.602981,39824.0,39833.0
2025-04-22 22:17:32.077350,39823.0,39831.0
2025-04-22 22:17:32.364638,39820.0,39829.0
2025-04-22 22:17:33.075467,39821.0,39830.0
2025-04-22 22:17:34.401049,39818.0,39827.0
2025-04-22 22:17:34.838561,39820.0,39829.0
2025-04-22 22:17:35.461650,39821.0,39830.0
2025-04-22 22:17:36.318308,39823.0,39832.0
2025-04-22 22:17:36.612171,39819.0,39828.0
2025-04-22 22:17:37.201327,39821.0,39830.0
2025-04-22 22:17:37.987669,39820.0,39828.0
2025-04-22 22:17:38.319737,39820.0,39829.0
2025-04-22 22:17:39.638520,39819.0,39828.0
2025-04-22 22:17:39.916378,39820.0,39829.0
2025-04-22 22:17:40.413063,39821.0,39830.0
2025-04-22 22:17:40.837109,39823.0,39832.0
2025-04-22 22:17:41.041438,39824.0,39833.0
2025-04-22 22:17:41.988481,39833.0,39842.0
2025-04-22 22:17:42.388218,39834.0,39843.0
2025-04-22 22:17:42.725530,39835.0,39844.0
2025-04-22 22:17:43.832987,39833.0,39842.0
2025-04-22 22:17:44.698788,39834.0,39843.0
2025-04-22 22:17:45.926821,39835.0,39844.0
2025-04-22 22:17:47.632659,39838.0,39847.0
2025-04-22 22:17:49.817198,39834.0,39843.0
2025-04-22 22:17:51.376131,39833.0,39842.0
2025-04-22 22:17:52.016184,39834.0,39843.0
2025-04-22 22:17:52.300623,39832.0,39839.0
2025-04-22 22:17:55.075053,39826.0,39835.0
2025-04-22 22:17:56.223793,39824.0,39833.0
2025-04-22 22:17:56.454600,39827.0,39836.0
2025-04-22 22:17:57.196280,39825.0,39834.0
2025-04-22 22:17:58.016234,39827.0,39836.0
2025-04-22 22:17:59.328907,39834.0,39843.0
2025-04-22 22:17:59.595552,39836.0,39845.0
2025-04-22 22:18:00.278254,39833.0,39842.0
2025-04-22 22:18:01.009930,39834.0,39843.0
2025-04-22 22:18:01.677412,39835.0,39844.0
2025-04-22 22:18:02.027284,39836.0,39845.0
2025-04-22 22:18:03.413465,39840.0,39849.0
2025-04-22 22:18:03.736747,39841.0,39850.0
2025-04-22 22:18:04.017254,39844.0,39853.0
2025-04-22 22:18:04.911632,39842.0,39851.0
2025-04-22 22:18:06.105139,39844.0,39853.0
2025-04-22 22:18:07.066513,39843.0,39852.0
2025-04-22 22:18:07.098295,39845.0,39854.0
2025-04-22 22:18:08.329122,39850.0,39859.0
2025-04-22 22:18:09.626918,39847.0,39856.0
2025-04-22 22:18:10.733102,39846.0,39855.0
2025-04-22 22:18:11.302657,39845.0,39854.0
2025-04-22 22:18:13.054422,39846.0,39855.0
2025-04-22 22:18:13.816598,39847.0,39856.0
2025-04-22 22:18:15.316184,39854.0,39863.0
2025-04-22 22:18:15.831020,39852.0,39861.0
2025-04-22 22:18:16.824609,39855.0,39864.0
2025-04-22 22:18:21.073740,39853.0,39862.0
2025-04-22 22:18:21.754416,39840.0,39849.0
2025-04-22 22:18:21.929387,39842.0,39851.0
2025-04-22 22:18:22.127090,39851.0,39860.0
2025-04-22 22:18:23.311486,39849.0,39858.0
2025-04-22 22:18:24.263940,39845.0,39854.0
2025-04-22 22:18:24.758944,39844.0,39853.0
2025-04-22 22:18:26.805287,39847.0,39856.0
2025-04-22 22:18:27.128094,39845.0,39854.0
2025-04-22 22:18:29.603675,39847.0,39856.0
2025-04-22 22:18:29.993915,39849.0,39858.0
2025-04-22 22:18:33.087606,39848.0,39857.0
2025-04-22 22:18:35.983952,39849.0,39857.0
2025-04-22 22:18:36.431977,39849.0,39858.0
2025-04-22 22:18:40.055490,39849.0,39857.0
2025-04-22 22:18:42.688803,39848.0,39856.0
2025-04-22 22:18:43.170402,39847.0,39856.0
2025-04-22 22:18:43.513934,39850.0,39858.0
2025-04-22 22:18:44.837351,39847.0,39856.0
2025-04-22 22:18:47.510020,39849.0,39857.0
2025-04-22 22:18:48.107286,39851.0,39860.0
2025-04-22 22:18:49.833711,39850.0,39858.0
2025-04-22 22:18:51.247436,39849.0,39856.0
2025-04-22 22:18:51.586592,39847.0,39856.0
2025-04-22 22:18:53.881793,39848.0,39856.0
2025-04-22 22:18:54.661037,39852.0,39859.0
2025-04-22 22:18:55.078205,39854.0,39863.0
2025-04-22 22:18:55.795523,39857.0,39865.0
2025-04-22 22:18:56.126270,39854.0,39863.0
2025-04-22 22:18:56.901129,39856.0,39865.0
2025-04-22 22:18:57.129370,39854.0,39863.0
2025-04-22 22:19:01.042155,39855.0,39864.0
2025-04-22 22:19:01.230245,39856.0,39865.0
2025-04-22 22:19:03.212189,39857.0,39865.0
2025-04-22 22:19:04.814456,39854.0,39863.0
2025-04-22 22:19:04.901520,39856.0,39863.0
2025-04-22 22:19:05.702728,39855.0,39863.0
2025-04-22 22:19:06.250629,39854.0,39862.0
2025-04-22 22:19:07.179277,39853.0,39860.0
2025-04-22 22:19:07.511128,39854.0,39860.0
2025-04-22 22:19:08.682539,39855.0,39860.0
2025-04-22 22:19:09.065711,39857.0,39862.0
2025-04-22 22:19:10.805402,39852.0,39860.0
2025-04-22 22:19:11.582124,39854.0,39862.0
2025-04-22 22:19:12.661660,39855.0,39862.0
2025-04-22 22:19:13.608955,39854.0,39862.0
2025-04-22 22:19:14.374514,39853.0,39862.0
2025-04-22 22:19:15.627436,39853.0,39861.0
2025-04-22 22:19:16.339601,39852.0,39859.0
2025-04-22 22:19:16.842413,39849.0,39858.0
2025-04-22 22:19:18.259598,39854.0,39861.0
2025-04-22 22:19:18.504326,39849.0,39858.0
2025-04-22 22:19:19.618087,39852.0,39859.0
2025-04-22 22:19:20.601781,39851.0,39860.0
2025-04-22 22:19:23.137496,39853.0,39861.0
2025-04-22 22:19:24.192580,39850.0,39858.0
2025-04-22 22:19:25.699826,39850.0,39853.0
2025-04-22 22:19:26.435777,39849.0,39858.0
2025-04-22 22:19:27.392176,39848.0,39856.0
2025-04-22 22:19:27.947950,39847.0,39854.0
2025-04-22 22:19:28.838142,39844.0,39853.0
2025-04-22 22:19:29.573037,39848.0,39856.0
2025-04-22 22:19:30.022736,39846.0,39853.0
2025-04-22 22:19:38.942792,39843.0,39852.0
2025-04-22 22:19:39.566683,39837.0,39845.0
2025-04-22 22:19:39.885669,39840.0,39847.0
2025-04-22 22:19:40.389868,39838.0,39847.0
2025-04-22 22:19:42.617329,39838.0,39845.0
2025-04-22 22:19:43.060889,39838.0,39847.0
2025-04-22 22:19:43.959890,39839.0,39848.0
2025-04-22 22:19:44.211987,39840.0,39849.0
2025-04-22 22:19:44.914326,39837.0,39845.0
2025-04-22 22:19:45.455650,39838.0,39847.0
2025-04-22 22:19:48.861975,39837.0,39846.0
2025-04-22 22:19:49.832732,39834.0,39843.0
2025-04-22 22:19:51.605403,39836.0,39845.0
2025-04-22 22:19:51.983352,39835.0,39844.0
2025-04-22 22:19:54.858958,39840.0,39849.0
2025-04-22 22:19:55.367780,39842.0,39851.0
2025-04-22 22:19:56.114948,39839.0,39848.0
2025-04-22 22:19:57.466088,39840.0,39849.0
2025-04-22 22:19:58.959520,39843.0,39852.0
2025-04-22 22:20:00.054736,39841.0,39850.0
2025-04-22 22:20:03.881983,39843.0,39851.0
2025-04-22 22:20:04.232191,39839.0,39848.0
2025-04-22 22:20:05.295620,39834.0,39842.0
2025-04-22 22:20:05.884294,39832.0,39839.0
2025-04-22 22:20:06.298350,39826.0,39835.0
2025-04-22 22:20:08.043744,39828.0,39837.0
2025-04-22 22:20:09.325192,39826.0,39835.0
2025-04-22 22:20:14.201360,39828.0,39837.0
2025-04-22 22:20:15.129695,39827.0,39836.0
2025-04-22 22:20:15.815167,39832.0,39841.0
2025-04-22 22:20:16.698312,39831.0,39840.0
2025-04-22 22:20:16.820371,39830.0,39837.0
2025-04-22 22:20:17.001866,39831.0,39840.0
2025-04-22 22:20:17.560507,39828.0,39836.0
2025-04-22 22:20:18.305751,39826.0,39835.0
2025-04-22 22:20:19.685339,39823.0,39832.0
2025-04-22 22:20:19.972987,39827.0,39836.0
2025-04-22 22:20:21.119885,39825.0,39834.0
2025-04-22 22:20:22.822926,39827.0,39836.0
2025-04-22 22:20:24.798649,39830.0,39839.0
2025-04-22 22:20:25.047306,39837.0,39846.0
2025-04-22 22:20:25.994002,39835.0,39844.0
2025-04-22 22:20:26.283195,39832.0,39841.0
2025-04-22 22:20:27.885037,39834.0,39843.0
2025-04-22 22:20:29.265747,39835.0,39844.0
2025-04-22 22:20:30.153613,39834.0,39843.0
2025-04-22 22:20:31.966159,39833.0,39842.0
2025-04-22 22:20:32.307109,39832.0,39841.0
2025-04-22 22:20:39.995686,39834.0,39843.0
2025-04-22 22:20:40.205634,39833.0,39842.0
2025-04-22 22:20:40.629977,39834.0,39843.0
2025-04-22 22:20:40.924509,39833.0,39842.0
2025-04-22 22:20:41.424288,39831.0,39840.0
2025-04-22 22:20:42.323097,39833.0,39842.0
2025-04-22 22:20:43.239974,39833.0,39841.0
2025-04-22 22:20:44.035981,39831.0,39838.0
2025-04-22 22:20:44.540087,39834.0,39843.0
2025-04-22 22:20:46.396638,39833.0,39842.0
2025-04-22 22:20:49.155066,39837.0,39846.0
2025-04-22 22:20:49.578829,39835.0,39844.0
2025-04-22 22:20:49.837353,39834.0,39843.0
2025-04-22 22:20:51.253309,39836.0,39845.0
2025-04-22 22:20:52.477150,39833.0,39842.0
2025-04-22 22:20:54.249525,39832.0,39841.0
2025-04-22 22:20:54.483051,39828.0,39837.0
2025-04-22 22:20:54.982601,39827.0,39836.0
2025-04-22 22:20:57.933073,39821.0,39830.0
2025-04-22 22:20:58.999388,39820.0,39828.0
2025-04-22 22:20:59.632725,39821.0,39830.0
2025-04-22 22:21:00.485155,39822.0,39831.0
2025-04-22 22:21:02.618808,39824.0,39833.0
2025-04-22 22:21:02.830073,39821.0,39830.0
2025-04-22 22:21:03.176563,39820.0,39829.0
2025-04-22 22:21:03.673619,39821.0,39830.0
2025-04-22 22:21:06.166190,39822.0,39831.0
2025-04-22 22:21:06.440841,39820.0,39829.0
2025-04-22 22:21:06.953793,39818.0,39827.0
2025-04-22 22:21:07.709538,39821.0,39830.0
2025-04-22 22:21:08.206697,39817.0,39826.0
2025-04-22 22:21:08.750200,39816.0,39825.0
2025-04-22 22:21:09.474429,39819.0,39828.0
2025-04-22 22:21:10.330597,39820.0,39829.0
2025-04-22 22:21:11.309379,39819.0,39828.0
2025-04-22 22:21:12.377232,39818.0,39827.0
2025-04-22 22:21:13.878154,39817.0,39826.0
2025-04-22 22:21:14.096829,39815.0,39824.0
2025-04-22 22:21:15.114684,39816.0,39825.0
2025-04-22 22:21:17.526051,39815.0,39823.0
2025-04-22 22:21:17.762683,39820.0,39829.0
2025-04-22 22:21:23.447308,39818.0,39827.0
2025-04-22 22:21:24.433236,39821.0,39830.0
2025-04-22 22:21:41.895586,39820.0,39829.0
2025-04-22 22:21:42.482167,39821.0,39830.0
2025-04-22 22:21:42.687409,39819.0,39828.0
2025-04-22 22:21:45.809223,39822.0,39831.0
2025-04-22 22:21:46.265413,39823.0,39832.0
2025-04-22 22:21:53.799654,39821.0,39830.0
2025-04-22 22:21:54.311535,39816.0,39824.0
2025-04-22 22:21:55.025134,39813.0,39822.0
2025-04-22 22:21:56.515523,39814.0,39823.0
2025-04-22 22:21:56.873742,39816.0,39824.0
2025-04-22 22:21:57.815297,39815.0,39822.0
2025-04-22 22:21:58.966719,39813.0,39822.0
2025-04-22 22:21:59.645898,39816.0,39825.0
2025-04-22 22:22:01.706704,39820.0,39829.0
2025-04-22 22:22:09.707004,39821.0,39830.0
2025-04-22 22:22:13.916276,39820.0,39829.0
2025-04-22 22:22:17.223958,39819.0,39828.0
2025-04-22 22:22:17.714474,39820.0,39829.0
2025-04-22 22:22:18.655492,39823.0,39832.0
2025-04-22 22:22:19.020154,39825.0,39834.0
2025-04-22 22:22:25.711388,39822.0,39831.0
2025-04-22 22:22:26.073293,39821.0,39830.0
2025-04-22 22:22:26.875967,39823.0,39832.0
2025-04-22 22:22:27.033088,39822.0,39831.0
2025-04-22 22:22:27.801957,39819.0,39828.0
2025-04-22 22:22:28.255838,39820.0,39829.0
2025-04-22 22:22:29.033808,39823.0,39832.0
2025-04-22 22:22:29.531291,39825.0,39834.0
2025-04-22 22:22:29.987308,39823.0,39832.0
2025-04-22 22:22:30.303277,39824.0,39833.0
2025-04-22 22:22:31.898601,39827.0,39836.0
2025-04-22 22:22:32.341595,39832.0,39841.0
2025-04-22 22:22:32.689440,39828.0,39837.0
2025-04-22 22:22:32.999385,39829.0,39838.0
2025-04-22 22:22:33.185346,39830.0,39839.0
2025-04-22 22:22:33.746401,39825.0,39834.0
2025-04-22 22:22:34.844849,39827.0,39836.0
2025-04-22 22:22:35.437065,39826.0,39835.0
2025-04-22 22:22:37.622210,39825.0,39834.0
2025-04-22 22:22:39.246105,39827.0,39836.0
2025-04-22 22:22:42.109794,39828.0,39837.0
2025-04-22 22:22:42.836586,39830.0,39839.0
2025-04-22 22:22:43.724885,39831.0,39840.0
2025-04-22 22:22:46.857577,39835.0,39844.0
2025-04-22 22:22:48.848076,39833.0,39842.0
2025-04-22 22:22:49.677693,39827.0,39836.0
2025-04-22 22:22:50.220564,39829.0,39838.0
2025-04-22 22:22:52.020802,39830.0,39839.0
2025-04-22 22:22:53.546759,39829.0,39838.0
2025-04-22 22:22:54.295092,39828.0,39837.0
2025-04-22 22:22:54.610088,39833.0,39842.0
2025-04-22 22:22:55.201369,39832.0,39841.0
2025-04-22 22:22:55.702944,39834.0,39843.0
2025-04-22 22:22:55.852032,39838.0,39847.0
2025-04-22 22:22:57.109333,39840.0,39849.0
2025-04-22 22:22:57.331254,39843.0,39852.0
2025-04-22 22:22:58.076762,39844.0,39852.0
2025-04-22 22:22:59.273046,39843.0,39850.0
2025-04-22 22:22:59.849607,39848.0,39857.0
2025-04-22 22:23:00.880765,39849.0,39858.0
2025-04-22 22:23:01.290193,39853.0,39862.0
2025-04-22 22:23:01.679096,39852.0,39861.0
2025-04-22 22:23:02.665376,39851.0,39859.0
2025-04-22 22:23:03.785871,39854.0,39861.0
2025-04-22 22:23:04.000277,39853.0,39860.0
2025-04-22 22:23:05.076748,39848.0,39857.0
2025-04-22 22:23:05.288643,39850.0,39857.0
2025-04-22 22:23:05.858616,39854.0,39860.0
2025-04-22 22:23:06.482484,39853.0,39859.0
2025-04-22 22:23:07.030316,39854.0,39859.0
2025-04-22 22:23:07.928016,39849.0,39857.0
2025-04-22 22:23:09.702292,39852.0,39857.0
2025-04-22 22:23:09.955684,39847.0,39855.0
2025-04-22 22:23:10.238333,39847.0,39856.0
2025-04-22 22:23:10.706363,39849.0,39858.0
2025-04-22 22:23:11.443407,39848.0,39857.0
2025-04-22 22:23:12.749184,39851.0,39859.0
2025-04-22 22:23:15.373451,39849.0,39856.0
2025-04-22 22:23:16.190634,39848.0,39857.0
2025-04-22 22:23:19.996779,39850.0,39859.0
2025-04-22 22:23:20.926384,39854.0,39863.0
2025-04-22 22:23:21.929615,39859.0,39864.0
2025-04-22 22:23:22.223844,39860.0,39868.0
2025-04-22 22:23:23.331114,39861.0,39868.0
2025-04-22 22:23:23.721347,39862.0,39868.0
2025-04-22 22:23:24.478416,39861.0,39869.0
2025-04-22 22:23:28.153798,39863.0,39870.0
2025-04-22 22:23:31.280490,39863.0,39871.0
2025-04-22 22:23:31.326642,39864.0,39873.0
2025-04-22 22:23:31.689920,39863.0,39872.0
2025-04-22 22:23:31.923561,39862.0,39866.0
2025-04-22 22:23:33.434282,39864.0,39872.0
2025-04-22 22:23:38.103053,39863.0,39871.0
2025-04-22 22:23:39.185038,39864.0,39871.0
2025-04-22 22:23:40.884001,39868.0,39876.0
2025-04-22 22:23:41.488650,39869.0,39876.0
2025-04-22 22:23:41.527593,39866.0,39874.0
2025-04-22 22:23:41.967347,39868.0,39874.0
2025-04-22 22:23:42.248227,39869.0,39876.0
2025-04-22 22:23:42.744654,39870.0,39876.0
2025-04-22 22:23:43.103239,39869.0,39874.0
2025-04-22 22:23:43.382024,39866.0,39874.0
2025-04-22 22:23:43.846823,39867.0,39874.0
2025-04-22 22:23:44.272836,39866.0,39874.0
2025-04-22 22:23:45.320365,39870.0,39874.0
2025-04-22 22:23:45.710680,39870.0,39873.0
2025-04-22 22:23:46.083124,39868.0,39873.0
2025-04-22 22:23:46.734932,39870.0,39875.0
2025-04-22 22:23:46.996557,39866.0,39873.0
2025-04-22 22:23:47.268307,39868.0,39875.0
2025-04-22 22:23:47.683850,39869.0,39875.0
2025-04-22 22:23:47.946966,39866.0,39873.0
2025-04-22 22:23:48.229945,39867.0,39873.0
2025-04-22 22:23:49.046828,39865.0,39873.0
2025-04-22 22:23:49.432434,39869.0,39875.0
2025-04-22 22:23:50.184028,39868.0,39875.0
2025-04-22 22:23:50.263564,39865.0,39873.0
2025-04-22 22:23:56.388541,39866.0,39874.0
2025-04-22 22:23:57.583870,39863.0,39872.0
2025-04-22 22:23:59.172197,39866.0,39874.0
2025-04-22 22:23:59.481459,39863.0,39872.0
2025-04-22 22:24:01.442861,39865.0,39874.0
2025-04-22 22:24:01.773137,39863.0,39872.0
2025-04-22 22:24:02.482442,39864.0,39873.0
2025-04-22 22:24:04.405126,39864.0,39872.0
2025-04-22 22:24:05.368943,39865.0,39874.0
2025-04-22 22:24:06.421674,39870.0,39878.0
2025-04-22 22:24:06.924517,39873.0,39880.0
2025-04-22 22:24:07.415050,39880.0,39885.0
2025-04-22 22:24:08.407973,39882.0,39890.0
2025-04-22 22:24:08.751111,39879.0,39888.0
2025-04-22 22:24:10.117512,39881.0,39890.0
2025-04-22 22:24:10.730368,39881.0,39888.0
2025-04-22 22:24:10.875810,39883.0,39890.0
2025-04-22 22:24:11.610979,39882.0,39888.0
2025-04-22 22:24:15.279985,39883.0,39888.0
2025-04-22 22:24:15.502623,39885.0,39894.0
2025-04-22 22:24:15.967175,39886.0,39894.0
2025-04-22 22:24:16.205417,39882.0,39891.0
2025-04-22 22:24:16.948975,39882.0,39888.0
2025-04-22 22:24:17.188285,39879.0,39888.0
2025-04-22 22:24:17.819178,39883.0,39888.0
2025-04-22 22:24:18.107367,39886.0,39890.0
2025-04-22 22:24:18.311214,39883.0,39888.0
2025-04-22 22:24:18.951814,39879.0,39888.0
2025-04-22 22:24:19.534386,39885.0,39890.0
2025-04-22 22:24:19.687321,39884.0,39888.0
2025-04-22 22:24:20.231558,39883.0,39890.0
2025-04-22 22:24:20.431582,39881.0,39890.0
2025-04-22 22:24:20.653768,39882.0,39891.0
2025-04-22 22:24:20.889858,39881.0,39890.0
2025-04-22 22:24:21.452600,39884.0,39891.0
2025-04-22 22:24:22.242084,39883.0,39891.0
2025-04-22 22:24:23.160187,39886.0,39893.0
2025-04-22 22:24:24.514585,39891.0,39893.0
2025-04-22 22:24:25.656418,39884.0,39892.0
2025-04-22 22:24:25.998997,39885.0,39892.0
2025-04-22 22:24:26.612637,39885.0,39894.0
2025-04-22 22:24:26.876868,39884.0,39892.0
2025-04-22 22:24:27.051570,39885.0,39894.0
2025-04-22 22:24:29.045898,39881.0,39890.0
2025-04-22 22:24:31.121226,39884.0,39893.0
2025-04-22 22:24:31.589234,39882.0,39891.0
2025-04-22 22:24:32.333257,39883.0,39892.0
2025-04-22 22:24:32.765354,39881.0,39890.0
2025-04-22 22:24:33.213485,39882.0,39891.0
2025-04-22 22:24:34.497622,39879.0,39888.0
2025-04-22 22:24:34.834989,39877.0,39886.0
2025-04-22 22:24:35.067593,39878.0,39887.0
2025-04-22 22:24:35.256352,39874.0,39883.0
2025-04-22 22:24:35.541848,39873.0,39882.0
2025-04-22 22:24:35.790420,39870.0,39879.0
2025-04-22 22:24:36.297756,39867.0,39876.0
2025-04-22 22:24:36.503520,39871.0,39880.0
2025-04-22 22:24:37.593672,39868.0,39877.0
2025-04-22 22:24:37.810328,39870.0,39879.0
2025-04-22 22:24:38.281379,39868.0,39877.0
2025-04-22 22:24:38.848946,39867.0,39876.0
2025-04-22 22:24:39.074561,39865.0,39874.0
2025-04-22 22:24:39.575037,39868.0,39877.0
2025-04-22 22:24:42.824261,39866.0,39875.0
2025-04-22 22:24:43.060470,39867.0,39876.0
2025-04-22 22:24:43.154664,39868.0,39877.0
2025-04-22 22:24:44.526516,39865.0,39874.0
2025-04-22 22:24:44.861296,39866.0,39875.0
2025-04-22 22:24:45.064361,39867.0,39876.0
2025-04-22 22:24:45.400242,39869.0,39878.0
2025-04-22 22:24:46.010060,39871.0,39879.0
2025-04-22 22:24:46.771540,39874.0,39883.0
2025-04-22 22:24:47.038496,39877.0,39885.0
2025-04-22 22:24:47.603676,39873.0,39882.0
2025-04-22 22:24:48.215082,39871.0,39880.0
2025-04-22 22:24:48.974760,39870.0,39879.0
2025-04-22 22:24:49.245164,39872.0,39881.0
2025-04-22 22:24:49.497852,39868.0,39877.0
2025-04-22 22:24:49.812982,39872.0,39881.0
2025-04-22 22:24:50.032454,39870.0,39879.0
2025-04-22 22:24:53.963772,39872.0,39881.0
