timestamp,bid,ask
2025-04-22 11:51:21.883436,5225.2,5225.6
2025-04-22 11:51:23.956560,5225.0,5225.7
2025-04-22 11:51:24.774476,5225.2,5225.6
2025-04-22 11:51:25.824573,5225.2,5225.9
2025-04-22 11:51:32.286904,5225.2,5225.6
2025-04-22 11:51:36.605109,5225.0,5225.7
2025-04-22 11:51:37.485370,5225.2,5225.9
2025-04-22 11:51:39.057192,5225.2,5225.6
2025-04-22 11:51:39.896360,5224.7,5225.4
2025-04-22 11:51:40.944440,5224.7,5225.2
2025-04-22 11:51:44.328873,5224.5,5225.2
2025-04-22 11:51:45.525193,5224.4,5225.1
2025-04-22 11:51:45.789925,5223.2,5224.9
2025-04-22 11:51:47.035415,5223.5,5223.9
2025-04-22 11:51:48.262875,5223.2,5223.9
2025-04-22 11:51:49.314906,5223.4,5223.9
2025-04-22 11:51:49.743897,5223.2,5223.9
2025-04-22 11:51:50.148483,5223.7,5224.1
2025-04-22 11:51:50.367517,5223.2,5223.9
2025-04-22 11:51:50.866290,5223.4,5223.9
2025-04-22 11:51:51.726308,5223.0,5223.7
2025-04-22 11:51:51.972141,5223.2,5223.9
2025-04-22 11:51:53.928824,5223.2,5223.6
2025-04-22 11:51:54.765555,5223.2,5223.9
2025-04-22 11:51:55.544987,5223.0,5223.4
2025-04-22 11:51:55.855616,5223.4,5223.9
2025-04-22 11:51:57.215253,5223.4,5224.1
2025-04-22 11:51:58.242066,5223.2,5223.7
2025-04-22 11:51:58.874914,5223.7,5224.1
2025-04-22 11:51:59.929113,5223.7,5224.4
2025-04-22 11:52:03.282973,5223.5,5223.9
2025-04-22 11:52:03.812439,5223.4,5224.1
2025-04-22 11:52:04.279011,5223.7,5224.1
2025-04-22 11:52:05.587080,5223.4,5223.9
2025-04-22 11:52:07.002455,5223.4,5224.1
2025-04-22 11:52:07.882116,5223.2,5223.7
2025-04-22 11:52:10.667564,5223.2,5223.9
2025-04-22 11:52:12.265905,5222.9,5223.6
2025-04-22 11:52:13.265190,5222.9,5223.4
2025-04-22 11:52:15.133823,5222.7,5223.4
2025-04-22 11:52:16.401635,5223.0,5223.4
2025-04-22 11:52:17.220039,5223.2,5223.9
2025-04-22 11:52:18.016681,5223.4,5223.9
2025-04-22 11:52:19.842662,5223.2,5223.9
2025-04-22 11:52:20.068300,5222.7,5223.4
2025-04-22 11:52:21.039511,5222.9,5223.6
2025-04-22 11:52:22.202430,5223.0,5223.4
2025-04-22 11:52:23.009857,5222.7,5223.4
2025-04-22 11:52:23.937129,5222.9,5223.4
2025-04-22 11:52:24.455873,5223.0,5223.7
2025-04-22 11:52:25.443822,5223.0,5223.4
2025-04-22 12:15:45.995481,5223.0,5223.4
2025-04-22 12:15:46.442460,5222.9,5223.3
2025-04-22 12:15:46.854029,5223.2,5223.7
2025-04-22 12:15:52.703607,5223.0,5223.7
2025-04-22 12:15:53.148442,5222.9,5223.4
2025-04-22 12:15:54.187097,5222.7,5223.4
2025-04-22 12:15:54.543559,5223.9,5224.3
2025-04-22 12:15:55.516590,5224.0,5224.4
2025-04-22 12:15:56.541702,5223.7,5224.4
2025-04-22 12:15:58.214476,5224.2,5224.9
2025-04-22 12:15:58.589536,5224.2,5224.6
2025-04-22 12:16:00.226810,5224.0,5224.7
2025-04-22 12:16:00.376278,5224.2,5224.9
2025-04-22 20:42:25.884644,5320.2,5320.7
2025-04-22 20:42:26.323029,5319.9,5320.7
2025-04-22 20:55:02.052675,5313.4,5314.2
2025-04-22 20:55:02.485138,5313.7,5314.2
2025-04-22 20:55:05.446081,5313.8,5314.4
2025-04-22 20:55:06.259157,5313.5,5314.0
2025-04-22 20:55:07.505700,5313.8,5314.4
2025-04-22 20:55:07.814172,5313.7,5314.2
2025-04-22 20:55:10.856729,5313.8,5314.4
2025-04-22 20:55:17.773844,5313.7,5314.2
2025-04-22 20:55:29.411232,5314.0,5314.5
2025-04-22 20:55:43.358430,5313.8,5314.4
2025-04-22 20:55:44.058809,5314.2,5314.7
2025-04-22 20:55:50.088580,5313.6,5314.2
2025-04-22 20:55:54.281413,5313.9,5314.4
2025-04-22 20:55:55.575045,5313.5,5314.0
2025-04-22 20:55:57.010302,5313.5,5314.1
2025-04-22 20:56:01.289604,5313.5,5314.0
2025-04-22 20:56:02.345916,5313.6,5314.2
2025-04-22 20:56:03.846452,5313.7,5314.2
2025-04-22 20:56:04.748970,5313.8,5314.4
2025-04-22 20:56:06.752510,5313.7,5314.2
2025-04-22 20:56:15.251106,5313.2,5313.7
2025-04-22 20:56:22.322481,5313.3,5313.9
2025-04-22 20:56:22.822373,5313.5,5314.0
2025-04-22 20:56:28.672543,5313.6,5314.2
2025-04-22 20:56:30.367899,5313.9,5314.4
2025-04-22 20:56:31.707646,5313.8,5314.4
2025-04-22 20:56:31.945415,5313.9,5314.4
2025-04-22 20:56:32.675639,5313.8,5314.4
2025-04-22 20:56:32.868871,5313.7,5314.2
2025-04-22 20:56:42.459316,5313.8,5314.4
2025-04-22 20:56:44.457065,5313.7,5314.2
2025-04-22 20:56:49.771750,5313.8,5314.4
2025-04-22 20:56:55.976732,5313.9,5314.4
2025-04-22 20:56:57.900700,5313.6,5314.2
2025-04-22 20:57:01.957074,5313.5,5314.0
2025-04-22 20:57:07.634078,5314.0,5314.5
2025-04-22 20:57:08.660224,5314.1,5314.7
2025-04-22 20:57:13.710750,5314.2,5314.7
2025-04-22 20:57:19.172780,5313.8,5314.4
2025-04-22 20:57:21.954757,5314.0,5314.5
2025-04-22 20:57:25.738682,5314.9,5315.4
2025-04-22 20:57:31.446313,5315.3,5315.9
2025-04-22 20:57:34.715071,5314.8,5315.4
2025-04-22 20:57:35.730878,5315.2,5315.7
2025-04-22 20:57:38.272832,5314.7,5315.2
2025-04-22 20:57:39.088520,5314.8,5315.4
2025-04-22 20:57:39.639671,5314.7,5315.2
2025-04-22 20:57:40.135829,5315.0,5315.5
2025-04-22 20:57:41.178281,5315.3,5315.9
2025-04-22 20:57:42.323382,5315.2,5315.7
2025-04-22 20:57:42.669916,5315.1,5315.7
2025-04-22 20:57:43.452427,5315.2,5315.7
2025-04-22 20:57:55.605728,5315.3,5315.9
2025-04-22 20:57:57.895864,5314.8,5315.4
2025-04-22 20:58:00.372194,5315.2,5315.7
2025-04-22 20:58:02.473074,5314.6,5315.6
2025-04-22 20:58:07.470505,5314.6,5315.4
2025-04-22 20:58:10.442818,5314.8,5315.8
2025-04-22 20:58:14.472893,5314.9,5315.6
2025-04-22 20:58:15.803562,5314.8,5315.8
2025-04-22 20:58:18.734395,5314.6,5315.4
2025-04-22 20:58:19.093657,5314.6,5315.6
2025-04-22 20:58:20.960181,5314.6,5315.4
2025-04-22 20:58:21.361199,5314.6,5315.6
2025-04-22 20:58:21.807357,5314.3,5315.3
2025-04-22 20:58:27.524230,5314.4,5315.4
2025-04-22 20:58:28.216069,5314.4,5315.1
2025-04-22 20:58:29.599896,5314.4,5315.4
2025-04-22 20:58:31.098373,5314.4,5315.1
2025-04-22 20:58:35.143524,5314.3,5315.3
2025-04-22 20:58:37.272267,5314.4,5315.1
2025-04-22 20:58:43.425191,5314.3,5315.3
2025-04-22 20:58:46.316295,5314.3,5315.1
2025-04-22 20:58:59.499038,5314.3,5315.3
2025-04-22 20:59:00.059584,5314.1,5315.1
2025-04-22 20:59:00.491373,5314.1,5314.8
2025-04-22 20:59:00.859624,5313.6,5314.4
2025-04-22 20:59:07.779737,5313.6,5314.6
2025-04-22 20:59:10.275478,5313.8,5314.6
2025-04-22 20:59:18.957901,5313.4,5314.4
2025-04-22 20:59:19.452658,5313.6,5314.4
2025-04-22 20:59:20.957660,5313.4,5314.4
2025-04-22 20:59:21.708338,5313.6,5314.4
2025-04-22 20:59:22.203423,5313.6,5314.6
2025-04-22 20:59:28.084991,5313.1,5314.1
2025-04-22 20:59:28.196889,5313.6,5314.3
2025-04-22 20:59:29.357133,5313.1,5313.9
2025-04-22 20:59:30.366056,5312.6,5313.6
2025-04-22 20:59:30.859190,5312.8,5313.6
2025-04-22 20:59:31.758203,5312.6,5313.6
2025-04-22 20:59:33.762830,5312.6,5313.4
2025-04-22 20:59:39.489920,5312.8,5313.8
2025-04-22 20:59:42.437311,5313.4,5313.9
2025-04-22 20:59:45.044940,5313.3,5314.3
2025-04-22 20:59:45.606418,5313.3,5314.1
2025-04-22 20:59:48.216330,5313.1,5314.1
2025-04-22 20:59:51.368004,5313.3,5314.1
2025-04-22 20:59:53.918063,5313.1,5314.4
2025-04-22 20:59:54.401156,5313.6,5314.8
2025-04-22 20:59:55.233961,5313.6,5314.9
2025-04-22 20:59:55.976170,5313.6,5314.6
2025-04-22 20:59:56.599505,5313.4,5314.6
2025-04-22 20:59:56.725147,5313.8,5315.1
2025-04-22 20:59:58.836073,5313.8,5314.8
2025-04-22 20:59:59.123826,5313.6,5314.9
2025-04-22 22:00:00.053440,5399.0,5400.1
2025-04-22 22:00:00.574634,5398.8,5399.9
2025-04-22 22:00:00.738412,5399.2,5399.7
2025-04-22 22:00:01.206365,5396.0,5397.6
2025-04-22 22:00:01.376825,5392.6,5394.7
2025-04-22 22:00:01.549667,5391.7,5394.3
2025-04-22 22:00:01.780945,5388.4,5389.9
2025-04-22 22:00:02.086007,5387.8,5390.1
2025-04-22 22:00:02.292551,5385.8,5388.4
2025-04-22 22:00:02.600918,5381.8,5383.7
2025-04-22 22:00:02.834416,5381.3,5382.9
2025-04-22 22:00:03.228859,5380.7,5381.2
2025-04-22 22:00:03.772017,5379.6,5380.9
2025-04-22 22:00:04.264129,5379.5,5380.6
2025-04-22 22:00:04.759288,5379.5,5381.1
2025-04-22 22:00:05.265491,5380.0,5380.9
2025-04-22 22:00:05.766882,5380.9,5381.4
2025-04-22 22:00:06.259429,5380.1,5381.2
2025-04-22 22:00:06.362522,5380.8,5381.4
2025-04-22 22:00:06.809746,5380.6,5381.4
2025-04-22 22:00:07.223125,5381.2,5381.7
2025-04-22 22:00:07.719101,5380.6,5381.4
2025-04-22 22:00:08.097299,5381.0,5381.9
2025-04-22 22:00:08.442157,5380.3,5382.0
2025-04-22 22:00:08.784778,5379.8,5380.6
2025-04-22 22:00:09.008372,5381.1,5382.7
2025-04-22 22:00:09.511853,5381.1,5382.8
2025-04-22 22:00:09.869839,5381.0,5381.6
2025-04-22 22:00:10.062281,5383.7,5384.2
2025-04-22 22:00:10.228065,5384.0,5384.5
2025-04-22 22:00:10.771181,5384.8,5385.4
2025-04-22 22:00:11.077687,5387.8,5388.7
2025-04-22 22:00:11.589147,5388.8,5389.9
2025-04-22 22:00:11.812228,5389.0,5389.9
2025-04-22 22:00:11.858557,5389.5,5390.1
2025-04-22 22:00:12.189548,5389.3,5389.9
2025-04-22 22:00:12.385777,5388.8,5390.2
2025-04-22 22:00:13.095572,5389.7,5390.2
2025-04-22 22:00:13.308251,5390.7,5391.2
2025-04-22 22:00:13.462022,5390.8,5392.1
2025-04-22 22:00:13.901989,5391.6,5393.3
2025-04-22 22:00:14.228972,5392.0,5393.1
2025-04-22 22:00:14.399721,5392.3,5393.4
2025-04-22 22:00:14.702241,5394.8,5395.4
2025-04-22 22:00:15.432099,5394.5,5395.0
2025-04-22 22:00:15.620030,5393.2,5393.7
2025-04-22 22:00:15.664620,5391.2,5391.7
2025-04-22 22:00:15.801123,5390.7,5391.2
2025-04-22 22:00:16.385277,5390.3,5391.2
2025-04-22 22:00:16.400282,5390.1,5390.9
2025-04-22 22:00:16.571682,5390.0,5390.6
2025-04-22 22:00:16.608678,5393.3,5393.9
2025-04-22 22:00:16.694820,5391.5,5393.2
2025-04-22 22:00:16.729826,5391.3,5392.7
2025-04-22 22:00:16.879649,5392.1,5392.9
2025-04-22 22:00:17.624907,5391.5,5392.0
2025-04-22 22:00:17.666839,5391.3,5392.4
2025-04-22 22:00:17.961053,5391.0,5392.1
2025-04-22 22:00:18.037279,5390.8,5392.1
2025-04-22 22:00:18.458211,5391.0,5392.4
2025-04-22 22:00:18.950274,5391.9,5392.4
2025-04-22 22:00:19.193156,5392.5,5393.4
2025-04-22 22:00:19.444591,5391.0,5392.6
2025-04-22 22:00:19.712458,5393.3,5394.1
2025-04-22 22:00:19.988470,5395.6,5396.7
2025-04-22 22:00:20.135487,5396.0,5397.4
2025-04-22 22:00:20.532538,5396.1,5397.4
2025-04-22 22:00:20.882383,5395.3,5396.2
2025-04-22 22:00:21.027734,5395.8,5397.4
2025-04-22 22:00:21.279285,5395.4,5397.1
2025-04-22 22:00:21.478452,5396.3,5397.6
2025-04-22 22:00:21.709097,5396.3,5397.4
2025-04-22 22:00:21.983703,5396.2,5396.7
2025-04-22 22:00:22.204560,5396.8,5398.1
2025-04-22 22:00:22.367692,5397.3,5398.2
2025-04-22 22:00:22.442815,5397.4,5397.9
2025-04-22 22:00:22.635750,5397.7,5398.2
2025-04-22 22:00:22.866466,5397.8,5398.7
2025-04-22 22:00:22.882075,5399.0,5399.9
2025-04-22 22:00:23.114144,5398.5,5399.6
2025-04-22 22:00:23.396484,5398.3,5399.7
2025-04-22 22:00:23.613124,5398.5,5399.9
2025-04-22 22:00:24.451705,5396.8,5397.4
2025-04-22 22:00:24.542293,5396.7,5397.2
2025-04-22 22:00:24.816213,5396.6,5397.7
2025-04-22 22:00:25.045506,5397.2,5397.7
2025-04-22 22:00:25.253202,5396.8,5397.4
2025-04-22 22:00:25.588781,5397.0,5398.6
2025-04-22 22:00:25.861810,5395.9,5397.6
2025-04-22 22:00:26.216144,5396.8,5397.7
2025-04-22 22:00:26.437332,5396.3,5396.9
2025-04-22 22:00:26.652293,5397.1,5398.4
2025-04-22 22:00:26.877916,5397.3,5398.4
2025-04-22 22:00:27.149900,5397.1,5397.7
2025-04-22 22:00:27.412583,5396.6,5397.4
2025-04-22 22:00:27.619775,5396.3,5397.2
2025-04-22 22:00:27.894391,5396.0,5396.5
2025-04-22 22:00:28.178922,5395.8,5396.6
2025-04-22 22:00:28.439618,5395.6,5396.2
2025-04-22 22:00:28.694097,5395.8,5396.6
2025-04-22 22:00:29.187329,5395.8,5396.7
2025-04-22 22:00:29.446632,5395.8,5396.6
2025-04-22 22:00:30.132754,5395.6,5396.4
2025-04-22 22:00:30.310613,5395.9,5396.4
2025-04-22 22:00:30.506643,5396.0,5396.6
2025-04-22 22:00:30.752488,5395.9,5396.4
2025-04-22 22:00:30.977162,5395.5,5396.1
2025-04-22 22:00:31.201514,5395.5,5396.6
2025-04-22 22:00:31.609241,5395.5,5396.4
2025-04-22 22:00:31.940892,5395.3,5396.2
2025-04-22 22:00:32.214671,5395.5,5396.1
2025-04-22 22:00:32.523455,5395.4,5395.9
2025-04-22 22:00:32.744007,5395.5,5396.1
2025-04-22 22:00:33.256647,5395.6,5396.4
2025-04-22 22:00:33.642203,5395.5,5396.4
2025-04-22 22:00:33.885254,5395.3,5396.1
2025-04-22 22:00:34.350473,5395.8,5396.6
2025-04-22 22:00:34.797439,5395.8,5396.4
2025-04-22 22:00:34.941624,5396.0,5396.9
2025-04-22 22:00:35.559593,5395.1,5396.2
2025-04-22 22:00:35.880719,5395.6,5396.2
2025-04-22 22:00:35.973888,5395.3,5396.2
2025-04-22 22:00:36.332829,5395.3,5395.9
2025-04-22 22:00:36.550357,5392.6,5393.9
2025-04-22 22:00:36.927255,5392.6,5393.2
2025-04-22 22:00:37.211328,5391.5,5392.1
2025-04-22 22:00:37.429882,5391.6,5392.2
2025-04-22 22:00:37.725343,5390.3,5391.9
2025-04-22 22:00:37.959312,5390.8,5391.9
2025-04-22 22:00:38.602441,5390.6,5391.4
2025-04-22 22:00:38.862583,5390.7,5391.2
2025-04-22 22:00:39.140222,5390.3,5391.4
2025-04-22 22:00:39.359744,5390.4,5390.9
2025-04-22 22:00:39.751076,5389.8,5391.4
2025-04-22 22:00:40.218149,5390.0,5390.5
2025-04-22 22:00:40.387002,5390.3,5391.1
2025-04-22 22:00:40.516402,5390.1,5391.2
2025-04-22 22:00:40.700443,5390.1,5390.7
2025-04-22 22:00:40.824877,5389.6,5391.2
2025-04-22 22:00:41.816502,5390.6,5391.4
2025-04-22 22:00:42.100969,5391.1,5392.4
2025-04-22 22:00:42.330350,5391.6,5392.9
2025-04-22 22:00:42.804673,5392.3,5393.6
2025-04-22 22:00:43.723952,5392.6,5393.9
2025-04-22 22:00:44.217980,5393.3,5394.1
2025-04-22 22:00:44.499458,5393.5,5394.1
2025-04-22 22:00:44.737362,5393.6,5394.2
2025-04-22 22:00:45.090490,5394.0,5394.5
2025-04-22 22:00:45.336304,5393.5,5394.9
2025-04-22 22:00:46.155604,5392.7,5393.2
2025-04-22 22:00:46.392199,5393.1,5394.2
2025-04-22 22:00:46.853905,5392.8,5393.9
2025-04-22 22:00:47.222628,5392.6,5393.2
2025-04-22 22:00:47.721640,5392.5,5393.0
2025-04-22 22:00:48.078718,5392.3,5393.2
2025-04-22 22:00:48.690199,5392.8,5393.4
2025-04-22 22:00:48.936090,5392.3,5393.2
2025-04-22 22:00:49.399745,5392.3,5393.4
2025-04-22 22:00:49.883429,5392.0,5393.1
2025-04-22 22:00:50.677457,5391.6,5392.7
2025-04-22 22:00:50.698821,5391.3,5392.4
2025-04-22 22:00:50.970192,5390.8,5391.9
2025-04-22 22:00:51.400309,5390.5,5391.4
2025-04-22 22:00:51.681253,5388.2,5388.7
2025-04-22 22:00:51.939882,5387.8,5388.7
2025-04-22 22:00:52.206924,5390.5,5391.6
2025-04-22 22:00:52.450767,5389.5,5390.6
2025-04-22 22:00:52.792563,5388.8,5390.4
2025-04-22 22:00:53.022444,5389.3,5390.4
2025-04-22 22:00:53.375759,5390.1,5391.4
2025-04-22 22:00:53.625193,5390.8,5391.6
2025-04-22 22:00:54.212261,5390.3,5391.4
2025-04-22 22:00:54.444945,5389.8,5390.9
2025-04-22 22:00:54.711006,5388.8,5389.6
2025-04-22 22:00:55.168410,5387.5,5388.9
2025-04-22 22:00:55.761476,5386.8,5387.7
2025-04-22 22:00:56.069570,5387.3,5387.9
2025-04-22 22:00:56.702160,5387.6,5388.2
2025-04-22 22:00:57.440455,5388.5,5390.1
2025-04-22 22:00:57.955572,5388.3,5389.9
2025-04-22 22:00:58.184438,5389.5,5390.1
2025-04-22 22:00:59.186345,5388.3,5389.4
2025-04-22 22:00:59.390746,5387.9,5389.6
2025-04-22 22:00:59.715987,5385.8,5386.9
2025-04-22 22:01:00.195451,5385.1,5386.4
2025-04-22 22:01:00.760268,5386.0,5387.1
2025-04-22 22:01:00.976302,5386.3,5387.4
2025-04-22 22:01:01.226647,5386.6,5387.2
2025-04-22 22:01:01.461199,5386.1,5387.4
2025-04-22 22:01:01.790821,5387.1,5387.7
2025-04-22 22:01:02.325678,5389.2,5389.7
2025-04-22 22:01:02.555237,5386.4,5386.9
2025-04-22 22:01:02.750603,5386.6,5387.2
2025-04-22 22:01:03.299131,5386.6,5387.9
2025-04-22 22:01:03.749525,5387.3,5388.1
2025-04-22 22:01:03.980513,5386.8,5387.7
2025-04-22 22:01:04.368072,5386.8,5388.4
2025-04-22 22:01:04.628309,5386.8,5387.9
2025-04-22 22:01:05.279717,5387.1,5387.9
2025-04-22 22:01:05.536430,5386.8,5387.9
2025-04-22 22:01:05.756035,5386.6,5387.7
2025-04-22 22:01:06.002512,5386.8,5387.7
2025-04-22 22:01:06.409512,5386.8,5387.9
2025-04-22 22:01:06.619118,5387.7,5388.2
2025-04-22 22:01:06.862056,5387.8,5388.4
2025-04-22 22:01:07.358238,5387.5,5388.0
2025-04-22 22:01:07.752457,5387.1,5388.2
2025-04-22 22:01:08.246257,5386.8,5388.2
2025-04-22 22:01:08.369453,5388.8,5389.4
2025-04-22 22:01:08.601686,5387.1,5388.8
2025-04-22 22:01:09.287835,5387.0,5388.1
2025-04-22 22:01:09.664165,5387.6,5388.4
2025-04-22 22:01:10.099522,5388.3,5389.2
2025-04-22 22:01:10.419816,5388.5,5389.6
2025-04-22 22:01:10.738316,5388.1,5388.9
2025-04-22 22:01:11.114859,5388.3,5388.9
2025-04-22 22:01:11.706298,5387.6,5388.4
2025-04-22 22:01:11.909281,5387.1,5387.9
2025-04-22 22:01:12.151117,5388.0,5389.4
2025-04-22 22:01:12.962521,5387.6,5388.4
2025-04-22 22:01:13.758018,5387.8,5388.6
2025-04-22 22:01:14.736591,5387.8,5388.9
2025-04-22 22:01:14.890857,5387.8,5388.7
2025-04-22 22:01:15.113700,5388.1,5388.9
2025-04-22 22:01:15.433097,5388.6,5389.2
2025-04-22 22:01:16.358060,5389.0,5389.5
2025-04-22 22:01:16.749632,5388.7,5389.2
2025-04-22 22:01:17.260860,5389.0,5389.6
2025-04-22 22:01:17.755072,5388.8,5389.4
2025-04-22 22:01:18.385793,5388.6,5389.4
2025-04-22 22:01:18.826003,5388.7,5389.2
2025-04-22 22:01:19.045940,5388.6,5389.4
2025-04-22 22:01:19.790682,5389.1,5389.9
2025-04-22 22:01:19.985607,5389.4,5389.9
2025-04-22 22:01:20.234520,5389.1,5389.9
2025-04-22 22:01:20.730917,5389.1,5389.7
2025-04-22 22:01:20.822743,5389.3,5390.1
2025-04-22 22:01:21.557132,5389.3,5389.9
2025-04-22 22:01:22.406976,5388.6,5389.4
2025-04-22 22:01:22.613441,5387.0,5387.9
2025-04-22 22:01:23.421992,5386.9,5387.4
2025-04-22 22:01:23.656582,5387.3,5387.9
2025-04-22 22:01:35.176870,5388.1,5389.2
2025-04-22 22:01:35.882449,5388.8,5389.6
2025-04-22 22:01:36.118754,5388.6,5389.2
2025-04-22 22:01:36.509768,5388.5,5389.0
2025-04-22 22:01:36.724609,5388.6,5389.4
2025-04-22 22:01:37.025305,5388.3,5388.9
2025-04-22 22:01:37.903338,5388.1,5388.7
2025-04-22 22:01:38.337636,5388.3,5388.9
2025-04-22 22:01:38.517233,5388.1,5388.9
2025-04-22 22:01:38.814938,5388.3,5388.9
2025-04-22 22:01:39.454106,5388.1,5388.7
2025-04-22 22:01:39.749708,5388.2,5388.7
2025-04-22 22:01:39.914507,5388.0,5388.6
2025-04-22 22:01:40.178104,5388.4,5388.9
2025-04-22 22:01:40.532730,5388.3,5388.9
2025-04-22 22:01:41.403247,5388.3,5389.1
2025-04-22 22:01:41.875837,5388.1,5388.9
2025-04-22 22:01:42.315536,5388.5,5389.1
2025-04-22 22:01:42.864975,5388.9,5389.4
2025-04-22 22:01:43.228595,5388.4,5388.9
2025-04-22 22:01:43.525301,5389.1,5389.7
2025-04-22 22:01:44.116889,5389.3,5390.4
2025-04-22 22:01:44.342630,5389.1,5389.9
2025-04-22 22:01:44.730791,5389.3,5390.4
2025-04-22 22:01:45.281568,5390.2,5390.7
2025-04-22 22:01:45.506227,5390.3,5390.9
2025-04-22 22:01:45.724376,5390.6,5391.2
2025-04-22 22:01:45.927044,5390.5,5392.1
2025-04-22 22:01:46.750430,5390.8,5392.1
2025-04-22 22:01:46.977420,5391.0,5392.1
2025-04-22 22:01:47.395807,5391.5,5392.6
2025-04-22 22:01:47.626328,5391.6,5392.2
2025-04-22 22:01:48.148545,5391.8,5392.9
2025-04-22 22:01:48.392073,5392.3,5393.4
2025-04-22 22:01:48.722381,5392.8,5393.6
2025-04-22 22:01:49.013443,5393.0,5393.9
2025-04-22 22:01:49.245246,5392.8,5394.2
2025-04-22 22:01:49.468186,5393.1,5394.2
2025-04-22 22:01:49.886020,5392.6,5393.7
2025-04-22 22:01:50.098141,5393.8,5394.6
2025-04-22 22:01:50.366128,5393.8,5394.7
2025-04-22 22:01:50.552504,5393.6,5394.2
2025-04-22 22:01:50.836484,5393.3,5393.9
2025-04-22 22:01:51.073852,5393.5,5394.6
2025-04-22 22:01:51.764986,5393.7,5394.2
2025-04-22 22:01:52.331042,5393.1,5393.9
2025-04-22 22:01:52.536600,5393.8,5394.4
2025-04-22 22:01:52.760268,5393.3,5394.2
2025-04-22 22:01:52.902159,5393.8,5394.6
2025-04-22 22:01:53.011987,5393.2,5393.7
2025-04-22 22:01:53.226266,5393.8,5394.9
2025-04-22 22:01:54.333682,5393.8,5394.7
2025-04-22 22:01:54.824266,5394.6,5395.4
2025-04-22 22:01:54.934255,5394.6,5395.7
2025-04-22 22:01:55.392203,5395.3,5395.9
2025-04-22 22:01:55.773810,5395.7,5396.2
2025-04-22 22:01:55.998070,5395.6,5396.4
2025-04-22 22:01:56.478321,5396.0,5396.5
2025-04-22 22:01:56.802633,5396.1,5396.9
2025-04-22 22:01:56.924472,5396.3,5397.4
2025-04-22 22:01:57.836079,5397.0,5397.5
2025-04-22 22:01:58.102045,5397.3,5398.1
2025-04-22 22:01:58.527684,5397.8,5398.7
2025-04-22 22:01:58.936763,5396.8,5397.9
2025-04-22 22:01:59.030590,5397.3,5397.9
2025-04-22 22:01:59.203281,5397.8,5398.9
2025-04-22 22:01:59.436740,5398.3,5399.1
2025-04-22 22:01:59.670689,5397.8,5398.9
2025-04-22 22:02:00.027929,5399.0,5399.6
2025-04-22 22:02:00.420961,5398.5,5399.4
2025-04-22 22:02:01.268689,5398.1,5398.9
2025-04-22 22:02:01.505354,5398.3,5399.9
2025-04-22 22:02:01.837037,5398.8,5399.4
2025-04-22 22:02:02.106044,5398.8,5399.6
2025-04-22 22:02:02.400714,5399.0,5399.6
2025-04-22 22:02:02.674813,5399.2,5399.7
2025-04-22 22:02:02.914711,5399.1,5399.9
2025-04-22 22:02:03.150379,5400.5,5401.4
2025-04-22 22:02:03.686161,5400.5,5401.0
2025-04-22 22:02:04.000407,5400.8,5401.6
2025-04-22 22:02:04.260227,5400.8,5401.7
2025-04-22 22:02:04.486930,5402.3,5403.7
2025-04-22 22:02:04.703131,5403.3,5404.1
2025-04-22 22:02:05.041426,5402.3,5402.9
2025-04-22 22:02:05.369030,5402.8,5403.7
2025-04-22 22:02:05.490852,5403.5,5404.1
2025-04-22 22:02:05.888806,5402.8,5403.6
2025-04-22 22:02:06.125124,5402.8,5403.9
2025-04-22 22:02:06.456221,5402.8,5403.4
2025-04-22 22:02:06.715606,5401.5,5402.4
2025-04-22 22:02:06.985669,5401.1,5402.8
2025-04-22 22:02:07.346118,5401.6,5402.4
2025-04-22 22:02:07.618541,5401.7,5402.2
2025-04-22 22:02:07.895599,5401.3,5402.2
2025-04-22 22:02:08.186294,5401.2,5401.7
2025-04-22 22:02:08.417174,5401.1,5401.9
2025-04-22 22:02:08.677910,5401.1,5401.7
2025-04-22 22:02:08.901176,5401.1,5402.2
2025-04-22 22:02:09.132356,5400.8,5401.9
2025-04-22 22:02:09.363579,5399.8,5401.5
2025-04-22 22:02:09.603320,5401.8,5402.4
2025-04-22 22:02:10.063299,5401.6,5402.7
2025-04-22 22:02:10.106110,5402.0,5402.9
2025-04-22 22:02:10.301557,5402.8,5403.4
2025-04-22 22:02:10.823610,5402.4,5402.9
2025-04-22 22:02:11.551896,5403.3,5404.2
2025-04-22 22:02:11.602761,5404.3,5404.9
2025-04-22 22:02:11.803396,5403.6,5404.9
2025-04-22 22:02:12.007715,5404.8,5405.4
2025-04-22 22:02:12.115525,5404.0,5405.1
2025-04-22 22:02:12.585380,5404.5,5405.1
2025-04-22 22:02:12.850583,5403.3,5404.7
2025-04-22 22:02:13.199643,5403.1,5404.4
2025-04-22 22:02:13.468993,5404.1,5405.2
2025-04-22 22:02:13.854677,5404.3,5405.2
2025-04-22 22:02:13.950728,5405.1,5405.7
2025-04-22 22:02:14.133003,5405.5,5406.1
2025-04-22 22:02:14.244613,5405.3,5406.7
2025-04-22 22:02:14.491110,5405.6,5406.7
2025-04-22 22:02:14.811133,5405.3,5406.7
2025-04-22 22:02:14.936207,5406.0,5407.6
2025-04-22 22:02:15.359290,5406.7,5407.2
2025-04-22 22:02:16.001595,5405.8,5406.6
2025-04-22 22:02:16.207046,5404.6,5406.2
2025-04-22 22:02:16.483670,5403.3,5403.9
2025-04-22 22:02:16.867568,5402.5,5403.4
2025-04-22 22:02:17.090303,5402.5,5403.1
2025-04-22 22:02:17.318948,5401.8,5402.4
2025-04-22 22:02:17.522397,5401.3,5403.0
2025-04-22 22:02:17.996551,5401.6,5402.7
2025-04-22 22:02:18.249244,5401.3,5401.9
2025-04-22 22:02:18.566266,5401.6,5402.4
2025-04-22 22:02:18.823209,5401.3,5402.1
2025-04-22 22:02:19.169989,5404.0,5405.1
2025-04-22 22:02:19.665192,5403.8,5405.1
2025-04-22 22:02:19.898306,5403.8,5404.4
2025-04-22 22:02:20.224218,5402.5,5403.9
2025-04-22 22:02:20.681324,5402.3,5403.7
2025-04-22 22:02:21.290552,5403.8,5404.6
2025-04-22 22:02:21.643290,5403.8,5404.7
2025-04-22 22:02:21.926692,5404.7,5406.4
2025-04-22 22:02:22.192748,5405.5,5406.6
2025-04-22 22:02:22.696994,5406.0,5406.5
2025-04-22 22:02:23.188064,5406.5,5407.6
2025-04-22 22:02:23.403919,5406.3,5407.1
2025-04-22 22:02:23.729529,5406.3,5406.9
2025-04-22 22:02:24.007305,5405.1,5405.9
2025-04-22 22:02:24.259045,5405.5,5406.9
2025-04-22 22:02:24.919864,5405.8,5406.7
2025-04-22 22:02:25.328900,5405.1,5406.4
2025-04-22 22:02:26.343343,5405.3,5405.9
2025-04-22 22:02:27.227856,5405.5,5406.4
2025-04-22 22:02:27.648955,5406.5,5407.1
2025-04-22 22:02:27.902854,5406.1,5407.2
2025-04-22 22:02:28.179023,5406.3,5407.1
2025-04-22 22:02:28.414270,5406.0,5406.6
2025-04-22 22:02:28.677818,5406.3,5407.4
2025-04-22 22:02:29.113909,5406.1,5407.2
2025-04-22 22:02:29.363759,5405.5,5406.4
2025-04-22 22:02:29.672036,5405.6,5406.4
2025-04-22 22:02:29.899594,5405.2,5405.7
2025-04-22 22:02:30.493507,5405.3,5405.9
2025-04-22 22:02:30.753603,5404.3,5405.7
2025-04-22 22:02:31.442438,5405.4,5405.9
2025-04-22 22:02:31.764288,5404.8,5405.9
2025-04-22 22:02:32.136881,5404.6,5405.2
2025-04-22 22:02:32.346534,5405.0,5406.1
2025-04-22 22:02:32.607258,5404.1,5404.7
2025-04-22 22:02:33.102891,5402.4,5402.9
2025-04-22 22:02:33.342446,5402.0,5402.9
2025-04-22 22:02:33.689942,5402.0,5403.7
2025-04-22 22:02:34.180603,5403.6,5404.4
2025-04-22 22:02:34.932935,5403.7,5404.2
2025-04-22 22:02:35.809790,5403.8,5405.4
2025-04-22 22:02:36.003953,5404.8,5406.4
2025-04-22 22:02:36.596841,5405.3,5406.4
2025-04-22 22:02:36.915043,5406.5,5407.4
2025-04-22 22:02:37.140521,5407.1,5407.9
2025-04-22 22:02:37.463373,5407.5,5408.4
2025-04-22 22:02:38.167538,5406.0,5406.9
2025-04-22 22:02:38.395069,5406.8,5407.6
2025-04-22 22:02:38.862014,5406.8,5407.7
2025-04-22 22:02:38.968394,5407.1,5407.7
2025-04-22 22:02:39.436640,5407.3,5408.4
2025-04-22 22:02:39.687663,5406.3,5407.4
2025-04-22 22:02:39.944475,5405.8,5407.4
2025-04-22 22:02:40.468993,5406.1,5406.9
2025-04-22 22:02:41.547792,5406.0,5407.1
2025-04-22 22:02:41.996777,5405.5,5406.9
2025-04-22 22:02:42.367626,5406.6,5408.3
2025-04-22 22:02:42.572469,5407.3,5408.4
2025-04-22 22:02:42.800203,5407.8,5408.6
2025-04-22 22:02:43.005582,5407.8,5408.4
2025-04-22 22:02:43.511211,5408.3,5409.4
2025-04-22 22:02:43.744632,5408.6,5409.4
2025-04-22 22:02:44.656122,5408.3,5408.9
2025-04-22 22:02:44.851815,5408.3,5409.7
2025-04-22 22:02:45.130655,5409.0,5409.9
2025-04-22 22:02:45.397345,5408.3,5409.6
2025-04-22 22:02:45.587734,5408.1,5409.4
2025-04-22 22:02:45.928225,5408.1,5409.2
2025-04-22 22:02:46.188215,5408.3,5409.6
2025-04-22 22:02:46.512284,5408.3,5409.4
2025-04-22 22:02:46.729914,5408.7,5409.2
2025-04-22 22:02:47.027195,5410.0,5410.9
2025-04-22 22:02:47.244140,5409.6,5410.4
2025-04-22 22:02:47.597497,5410.1,5411.2
2025-04-22 22:02:47.943231,5410.8,5411.4
2025-04-22 22:02:48.123910,5410.5,5411.6
2025-04-22 22:02:48.378972,5410.1,5411.4
2025-04-22 22:02:48.636059,5410.3,5411.4
2025-04-22 22:02:48.889579,5410.8,5411.6
2025-04-22 22:02:49.125534,5410.4,5410.9
2025-04-22 22:02:49.406818,5410.5,5411.4
2025-04-22 22:02:49.649861,5410.3,5411.4
2025-04-22 22:02:50.563419,5410.3,5412.0
2025-04-22 22:02:50.831018,5411.8,5412.4
2025-04-22 22:02:51.144630,5411.0,5411.9
2025-04-22 22:02:51.551446,5411.2,5411.7
2025-04-22 22:02:51.844150,5410.8,5411.6
2025-04-22 22:02:51.896895,5412.3,5412.9
2025-04-22 22:02:52.296937,5411.8,5413.4
2025-04-22 22:02:52.851341,5411.5,5412.6
2025-04-22 22:02:53.111557,5411.6,5412.4
2025-04-22 22:02:53.334843,5412.4,5412.9
2025-04-22 22:02:53.845398,5412.0,5412.6
2025-04-22 22:02:54.033988,5412.0,5412.9
2025-04-22 22:02:54.295197,5412.4,5412.9
2025-04-22 22:02:54.507047,5412.6,5413.2
2025-04-22 22:02:54.962055,5412.3,5413.2
2025-04-22 22:02:55.308546,5412.5,5414.1
2025-04-22 22:02:55.745530,5413.0,5414.1
2025-04-22 22:02:56.168848,5413.9,5414.4
2025-04-22 22:02:56.495115,5412.5,5413.6
2025-04-22 22:02:56.733476,5412.8,5413.7
2025-04-22 22:02:56.795212,5412.8,5414.4
2025-04-22 22:02:57.124875,5412.8,5413.7
2025-04-22 22:02:57.673031,5413.5,5414.0
2025-04-22 22:02:58.041900,5413.0,5413.6
2025-04-22 22:02:58.109672,5413.0,5414.1
2025-04-22 22:02:58.564961,5412.4,5412.9
2025-04-22 22:02:59.040236,5412.6,5413.2
2025-04-22 22:02:59.536678,5413.7,5414.2
2025-04-22 22:02:59.773501,5413.1,5414.7
2025-04-22 22:03:00.091531,5413.8,5414.4
2025-04-22 22:03:00.296092,5414.1,5414.7
2025-04-22 22:03:00.642958,5414.8,5415.4
2025-04-22 22:03:00.919328,5414.6,5415.7
2025-04-22 22:03:01.307434,5413.7,5414.2
2025-04-22 22:03:01.623750,5415.0,5415.5
2025-04-22 22:03:01.903076,5415.3,5416.1
2025-04-22 22:03:02.196350,5414.8,5416.4
2025-04-22 22:03:02.426483,5414.1,5414.7
2025-04-22 22:03:02.743320,5413.6,5414.7
2025-04-22 22:03:03.034998,5413.5,5414.1
2025-04-22 22:03:03.667285,5413.7,5414.2
2025-04-22 22:03:03.930219,5415.3,5416.1
2025-04-22 22:03:04.194998,5415.0,5416.4
2025-04-22 22:03:04.551458,5414.8,5415.6
2025-04-22 22:03:04.760005,5414.0,5414.9
2025-04-22 22:03:05.200482,5411.8,5412.4
2025-04-22 22:03:05.481400,5411.1,5412.2
2025-04-22 22:03:05.799550,5411.1,5411.9
2025-04-22 22:03:06.033437,5410.7,5411.2
2025-04-22 22:03:06.459132,5410.8,5411.4
2025-04-22 22:03:06.584833,5410.6,5411.9
2025-04-22 22:03:07.055659,5411.5,5412.1
2025-04-22 22:03:08.113068,5411.4,5411.9
2025-04-22 22:03:08.438087,5411.5,5412.1
2025-04-22 22:03:08.861034,5410.3,5411.2
2025-04-22 22:03:09.354691,5410.3,5411.4
2025-04-22 22:03:09.628005,5410.4,5410.9
2025-04-22 22:03:10.059183,5410.8,5411.4
2025-04-22 22:03:10.631654,5410.7,5411.2
2025-04-22 22:03:11.556335,5410.6,5411.2
2025-04-22 22:03:13.324878,5411.0,5411.5
2025-04-22 22:03:14.024566,5411.2,5411.7
2025-04-22 22:03:14.212887,5410.8,5411.7
2025-04-22 22:03:14.514274,5411.1,5411.7
2025-04-22 22:03:14.824664,5410.8,5411.7
2025-04-22 22:03:15.947461,5411.2,5411.7
2025-04-22 22:03:16.241254,5411.3,5411.9
2025-04-22 22:03:16.521977,5410.9,5411.4
2025-04-22 22:03:16.784761,5410.0,5410.5
2025-04-22 22:03:16.986936,5410.3,5411.4
2025-04-22 22:03:17.649359,5410.5,5411.0
2025-04-22 22:03:19.730305,5410.3,5411.2
2025-04-22 22:03:20.988781,5410.1,5410.9
2025-04-22 22:03:21.240933,5405.3,5406.2
2025-04-22 22:03:21.688963,5405.8,5406.4
2025-04-22 22:03:21.863727,5405.1,5405.9
2025-04-22 22:03:22.330340,5405.6,5406.4
2025-04-22 22:03:22.539937,5405.3,5405.9
2025-04-22 22:03:22.857469,5404.0,5405.4
2025-04-22 22:03:23.113849,5404.3,5405.4
2025-04-22 22:03:23.379093,5404.6,5405.2
2025-04-22 22:03:23.977140,5405.0,5405.6
2025-04-22 22:03:24.211195,5407.6,5408.9
2025-04-22 22:03:24.446794,5408.1,5409.4
2025-04-22 22:03:24.745419,5408.3,5409.2
2025-04-22 22:03:25.448906,5408.5,5409.9
2025-04-22 22:03:25.747502,5408.8,5409.9
2025-04-22 22:03:25.964686,5409.1,5409.9
2025-04-22 22:03:26.307667,5408.8,5409.9
2025-04-22 22:03:26.565444,5409.1,5409.9
2025-04-22 22:03:27.116316,5409.0,5410.1
2025-04-22 22:03:27.443420,5408.8,5409.9
2025-04-22 22:03:27.932582,5407.2,5408.9
2025-04-22 22:03:28.437444,5407.8,5408.4
2025-04-22 22:03:29.344027,5407.6,5408.4
2025-04-22 22:03:29.558426,5405.3,5407.0
2025-04-22 22:03:29.885163,5405.8,5406.9
2025-04-22 22:03:30.198160,5405.8,5407.1
2025-04-22 22:03:31.063692,5406.1,5407.2
2025-04-22 22:03:31.650525,5407.0,5407.9
2025-04-22 22:03:32.151542,5406.8,5408.5
2025-04-22 22:03:32.302274,5406.8,5407.4
2025-04-22 22:03:32.725265,5406.8,5407.6
2025-04-22 22:03:33.509133,5406.3,5407.6
2025-04-22 22:03:33.686722,5405.8,5407.1
2025-04-22 22:03:34.056792,5406.1,5406.7
2025-04-22 22:03:34.317108,5405.8,5406.4
2025-04-22 22:03:35.125091,5405.9,5406.4
2025-04-22 22:03:35.912994,5406.0,5406.6
2025-04-22 22:03:36.197712,5405.8,5406.6
2025-04-22 22:03:36.535561,5407.8,5408.9
2025-04-22 22:03:36.920200,5406.8,5407.9
2025-04-22 22:03:37.339244,5407.6,5408.4
2025-04-22 22:03:37.686728,5406.8,5407.4
2025-04-22 22:03:38.278332,5407.5,5408.0
2025-04-22 22:03:38.575007,5407.0,5407.9
2025-04-22 22:03:39.113435,5406.6,5407.7
2025-04-22 22:03:40.036403,5405.2,5405.7
2025-04-22 22:03:40.274136,5407.0,5408.4
2025-04-22 22:03:40.599885,5406.6,5407.7
2025-04-22 22:03:41.414605,5406.0,5406.6
2025-04-22 22:03:42.126452,5405.8,5406.4
2025-04-22 22:03:42.591227,5406.3,5407.2
2025-04-22 22:03:42.729115,5406.3,5406.9
2025-04-22 22:03:42.869872,5406.2,5406.7
2025-04-22 22:03:43.371016,5407.8,5409.1
2025-04-22 22:03:43.480174,5407.3,5407.9
2025-04-22 22:03:44.459876,5407.8,5408.4
2025-04-22 22:03:45.793644,5407.6,5408.4
2025-04-22 22:03:46.311031,5408.3,5408.9
2025-04-22 22:03:46.734969,5408.6,5409.2
2025-04-22 22:03:46.994773,5409.0,5410.6
2025-04-22 22:03:47.215213,5409.3,5410.6
2025-04-22 22:03:47.429576,5409.3,5410.4
2025-04-22 22:03:48.311631,5409.8,5410.9
2025-04-22 22:03:48.591330,5409.8,5411.1
2025-04-22 22:03:48.835222,5410.3,5411.2
2025-04-22 22:03:49.118489,5411.1,5411.7
2025-04-22 22:03:49.323898,5411.0,5412.1
2025-04-22 22:03:49.833064,5411.3,5412.1
2025-04-22 22:03:50.135318,5410.3,5411.7
2025-04-22 22:03:50.383767,5410.3,5411.1
2025-04-22 22:03:51.002115,5409.3,5410.4
2025-04-22 22:03:51.289511,5409.5,5410.4
2025-04-22 22:03:51.519295,5409.8,5410.9
2025-04-22 22:03:51.753454,5409.3,5410.4
2025-04-22 22:03:51.910769,5409.8,5411.1
2025-04-22 22:03:52.146921,5410.8,5411.9
2025-04-22 22:03:52.436954,5411.8,5412.4
2025-04-22 22:03:52.743962,5411.3,5412.1
2025-04-22 22:03:52.911525,5411.1,5411.7
2025-04-22 22:03:53.087324,5410.8,5411.9
2025-04-22 22:03:53.324631,5411.3,5411.9
2025-04-22 22:03:53.866474,5411.1,5412.4
2025-04-22 22:03:54.285240,5411.9,5412.4
2025-04-22 22:03:54.648792,5411.3,5411.9
2025-04-22 22:03:54.973573,5411.8,5412.9
2025-04-22 22:03:55.273671,5412.0,5413.1
2025-04-22 22:03:55.747145,5412.3,5413.1
2025-04-22 22:03:55.993400,5412.0,5413.4
2025-04-22 22:03:56.445865,5412.1,5412.7
2025-04-22 22:03:56.766783,5411.8,5412.4
2025-04-22 22:03:57.056207,5410.8,5411.4
2025-04-22 22:03:57.395314,5410.8,5411.9
2025-04-22 22:03:58.289092,5410.3,5410.9
2025-04-22 22:03:58.693968,5409.6,5410.7
2025-04-22 22:03:58.946919,5409.0,5409.9
2025-04-22 22:03:59.352705,5408.5,5409.0
2025-04-22 22:03:59.981036,5408.5,5410.1
2025-04-22 22:04:00.215929,5408.5,5409.6
2025-04-22 22:04:00.697670,5407.3,5408.9
2025-04-22 22:04:01.119408,5407.3,5408.1
2025-04-22 22:04:01.483316,5407.8,5408.4
2025-04-22 22:04:01.837930,5407.5,5408.6
2025-04-22 22:04:02.213361,5407.3,5408.2
2025-04-22 22:04:02.540300,5407.3,5408.4
2025-04-22 22:04:03.548559,5408.3,5408.9
2025-04-22 22:04:04.198582,5407.6,5408.4
2025-04-22 22:04:04.421526,5406.6,5408.3
2025-04-22 22:04:04.673274,5407.1,5408.2
2025-04-22 22:04:04.906420,5406.3,5407.9
2025-04-22 22:04:06.109369,5407.3,5408.6
2025-04-22 22:04:06.501975,5407.3,5408.4
2025-04-22 22:04:06.749817,5407.6,5408.9
2025-04-22 22:04:07.223582,5409.3,5410.1
2025-04-22 22:04:07.415372,5407.8,5409.5
2025-04-22 22:04:07.693038,5407.8,5408.7
2025-04-22 22:04:07.993465,5407.8,5408.9
2025-04-22 22:04:08.371478,5407.1,5408.7
2025-04-22 22:04:09.132085,5407.3,5408.6
2025-04-22 22:04:09.578109,5407.3,5408.7
2025-04-22 22:04:10.271615,5407.6,5408.2
2025-04-22 22:04:12.069703,5407.1,5408.2
2025-04-22 22:04:12.360298,5407.2,5407.7
2025-04-22 22:04:13.195820,5407.1,5408.2
2025-04-22 22:04:13.686991,5407.7,5408.2
2025-04-22 22:04:14.866580,5408.3,5408.9
2025-04-22 22:04:15.655252,5408.2,5408.7
2025-04-22 22:04:16.113098,5407.8,5408.9
2025-04-22 22:04:16.987123,5408.1,5408.7
2025-04-22 22:04:17.434351,5408.0,5409.1
2025-04-22 22:04:18.133215,5408.0,5408.9
2025-04-22 22:04:18.564041,5407.3,5408.4
2025-04-22 22:04:18.898586,5407.1,5408.4
2025-04-22 22:04:19.138983,5407.5,5408.4
2025-04-22 22:04:19.574103,5407.3,5407.9
2025-04-22 22:04:19.903417,5407.1,5408.2
2025-04-22 22:04:20.462664,5406.8,5408.2
2025-04-22 22:04:20.900510,5407.3,5408.2
2025-04-22 22:04:21.053631,5407.3,5408.4
2025-04-22 22:04:21.350979,5406.8,5408.2
2025-04-22 22:04:22.172265,5407.3,5407.9
2025-04-22 22:04:24.871275,5407.3,5408.2
2025-04-22 22:04:25.287805,5407.3,5408.4
2025-04-22 22:04:25.961198,5407.3,5408.1
2025-04-22 22:04:26.723843,5407.1,5408.2
2025-04-22 22:04:27.056125,5407.3,5408.1
2025-04-22 22:04:27.413339,5407.1,5408.2
2025-04-22 22:04:27.797596,5407.0,5408.4
2025-04-22 22:04:29.314411,5406.7,5407.2
2025-04-22 22:04:29.604144,5406.6,5408.3
2025-04-22 22:04:30.046307,5407.1,5408.2
2025-04-22 22:04:30.279893,5407.3,5408.4
2025-04-22 22:04:30.318001,5407.5,5408.1
2025-04-22 22:04:30.839898,5407.5,5408.4
2025-04-22 22:04:31.233430,5407.0,5408.4
2025-04-22 22:04:31.815223,5407.1,5407.9
2025-04-22 22:04:32.081222,5407.3,5407.9
2025-04-22 22:04:32.688716,5407.1,5408.2
2025-04-22 22:04:32.963328,5407.7,5408.2
2025-04-22 22:04:34.143150,5407.1,5407.9
2025-04-22 22:04:34.715449,5407.3,5407.9
2025-04-22 22:04:35.016954,5407.3,5408.1
2025-04-22 22:04:35.519005,5406.4,5408.1
2025-04-22 22:04:36.197250,5406.5,5407.6
2025-04-22 22:04:36.751734,5406.8,5408.2
2025-04-22 22:04:37.101597,5406.4,5408.1
2025-04-22 22:04:37.518915,5407.0,5408.4
2025-04-22 22:04:37.781078,5407.7,5408.2
2025-04-22 22:04:39.248419,5408.3,5408.9
2025-04-22 22:04:39.672587,5408.0,5408.9
2025-04-22 22:04:39.882479,5407.3,5407.9
2025-04-22 22:04:40.163310,5407.3,5408.2
2025-04-22 22:04:41.124617,5407.5,5408.1
2025-04-22 22:04:41.544903,5407.7,5408.2
2025-04-22 22:04:41.771564,5407.5,5408.1
2025-04-22 22:04:41.984035,5407.8,5409.1
2025-04-22 22:04:42.256405,5408.1,5408.9
2025-04-22 22:04:43.175093,5408.3,5408.9
2025-04-22 22:04:43.586280,5408.7,5409.2
2025-04-22 22:04:44.586004,5408.5,5409.1
2025-04-22 22:04:44.827127,5408.5,5409.4
2025-04-22 22:04:45.326123,5408.5,5409.1
2025-04-22 22:04:46.125530,5408.5,5409.0
2025-04-22 22:04:46.634262,5408.3,5408.9
2025-04-22 22:04:46.735656,5408.4,5408.9
2025-04-22 22:04:47.474060,5408.0,5408.5
2025-04-22 22:04:47.813513,5408.1,5408.9
2025-04-22 22:04:48.669939,5408.1,5408.7
2025-04-22 22:04:48.937702,5408.6,5409.4
2025-04-22 22:04:49.434740,5408.6,5409.2
2025-04-22 22:04:50.044150,5408.2,5408.7
2025-04-22 22:04:50.949799,5407.9,5408.4
2025-04-22 22:04:51.796134,5407.5,5408.4
2025-04-22 22:04:51.819137,5408.4,5408.9
2025-04-22 22:04:52.318144,5407.6,5408.7
2025-04-22 22:04:54.395588,5407.3,5408.2
2025-04-22 22:04:56.939958,5407.3,5407.9
2025-04-22 22:04:57.548488,5407.9,5408.4
2025-04-22 22:04:57.982071,5407.3,5408.2
2025-04-22 22:04:58.974804,5407.2,5407.7
2025-04-22 22:04:59.489235,5407.1,5408.2
2025-04-22 22:04:59.940421,5407.3,5408.4
2025-04-22 22:05:00.351299,5407.5,5408.4
2025-04-22 22:05:00.754247,5407.3,5408.2
2025-04-22 22:05:01.163120,5407.3,5408.6
2025-04-22 22:05:02.759198,5407.8,5408.4
2025-04-22 22:05:02.992012,5407.5,5408.1
2025-04-22 22:05:03.206302,5407.1,5407.7
2025-04-22 22:05:03.658223,5406.3,5407.2
2025-04-22 22:05:03.840638,5405.5,5406.1
2025-04-22 22:05:04.358396,5405.0,5406.1
2025-04-22 22:05:04.656432,5404.8,5405.4
2025-04-22 22:05:05.222400,5405.3,5405.9
2025-04-22 22:05:05.971275,5406.0,5407.1
2025-04-22 22:05:06.218372,5406.5,5407.6
2025-04-22 22:05:06.722188,5406.8,5407.6
2025-04-22 22:05:07.320668,5406.5,5407.6
2025-04-22 22:05:07.827901,5405.3,5405.9
2025-04-22 22:05:08.516185,5405.1,5405.9
2025-04-22 22:05:08.727251,5405.1,5405.7
2025-04-22 22:05:09.085734,5404.8,5405.4
2025-04-22 22:05:09.411626,5404.9,5405.4
2025-04-22 22:05:09.867541,5404.3,5404.9
2025-04-22 22:05:10.164795,5404.0,5404.9
2025-04-22 22:05:10.463855,5404.0,5405.1
2025-04-22 22:05:10.687252,5403.3,5404.4
2025-04-22 22:05:11.136736,5402.4,5404.1
2025-04-22 22:05:11.442479,5403.3,5404.4
2025-04-22 22:05:11.786367,5404.1,5404.9
2025-04-22 22:05:12.467345,5404.5,5405.1
2025-04-22 22:05:12.728751,5404.0,5405.1
2025-04-22 22:05:12.853101,5402.5,5403.0
2025-04-22 22:05:13.195504,5402.8,5403.7
2025-04-22 22:05:13.711248,5402.8,5403.9
2025-04-22 22:05:14.038076,5402.8,5404.2
2025-04-22 22:05:14.313905,5403.4,5403.9
2025-04-22 22:05:15.032253,5403.1,5403.9
2025-04-22 22:05:15.269530,5402.8,5403.9
2025-04-22 22:05:15.584337,5402.8,5404.1
2025-04-22 22:05:15.835496,5402.5,5403.9
2025-04-22 22:05:16.148035,5402.5,5403.6
2025-04-22 22:05:16.376192,5403.1,5403.9
2025-04-22 22:05:17.103060,5403.5,5404.0
2025-04-22 22:05:18.424620,5403.2,5403.7
2025-04-22 22:05:19.465496,5404.0,5404.5
2025-04-22 22:05:20.735522,5403.6,5404.2
2025-04-22 22:05:21.955936,5403.5,5404.9
2025-04-22 22:05:22.048185,5403.5,5404.6
2025-04-22 22:05:22.770641,5403.1,5403.9
2025-04-22 22:05:23.683285,5402.5,5403.6
2025-04-22 22:05:24.233222,5402.3,5402.9
2025-04-22 22:05:24.488125,5401.8,5402.4
2025-04-22 22:05:25.097949,5401.6,5402.4
2025-04-22 22:05:25.622773,5401.8,5402.4
2025-04-22 22:05:25.941580,5401.3,5402.1
2025-04-22 22:05:26.398142,5400.2,5400.7
2025-04-22 22:05:26.539376,5400.0,5401.1
2025-04-22 22:05:27.115823,5399.3,5400.4
2025-04-22 22:05:27.346209,5400.1,5400.9
2025-04-22 22:05:27.518159,5399.1,5400.8
2025-04-22 22:05:27.997818,5398.7,5399.2
2025-04-22 22:05:28.348469,5399.8,5401.4
2025-04-22 22:05:28.595134,5399.8,5400.7
2025-04-22 22:05:28.813306,5399.6,5400.2
2025-04-22 22:05:29.039423,5399.8,5400.4
2025-04-22 22:05:29.814204,5399.3,5400.7
2025-04-22 22:05:30.097098,5399.0,5399.5
2025-04-22 22:05:30.301314,5399.5,5400.1
2025-04-22 22:05:30.879908,5399.1,5400.2
2025-04-22 22:05:30.967362,5398.3,5400.0
2025-04-22 22:05:31.465541,5398.3,5398.9
2025-04-22 22:05:31.740891,5398.1,5399.4
2025-04-22 22:05:32.773418,5398.8,5399.4
2025-04-22 22:05:33.006763,5398.8,5399.7
2025-04-22 22:05:33.346562,5399.3,5399.9
2025-04-22 22:05:33.728299,5399.0,5400.1
2025-04-22 22:05:34.113185,5399.3,5399.9
2025-04-22 22:05:34.297679,5398.8,5399.7
2025-04-22 22:05:34.520405,5399.2,5399.7
2025-04-22 22:05:34.898216,5399.0,5399.9
2025-04-22 22:05:35.175261,5398.6,5399.7
2025-04-22 22:05:35.667118,5399.5,5400.0
2025-04-22 22:05:35.855814,5399.0,5399.9
2025-04-22 22:05:36.892277,5399.6,5400.7
2025-04-22 22:05:37.122065,5400.3,5401.4
2025-04-22 22:05:37.864200,5400.6,5401.2
2025-04-22 22:05:38.205308,5400.0,5400.6
2025-04-22 22:05:38.438939,5399.8,5401.2
2025-04-22 22:05:38.860117,5400.5,5401.6
2025-04-22 22:05:39.545610,5400.3,5401.4
2025-04-22 22:05:40.169831,5400.3,5401.2
2025-04-22 22:05:40.504062,5400.1,5401.2
2025-04-22 22:05:41.590148,5400.7,5401.2
2025-04-22 22:05:42.018604,5400.3,5401.1
2025-04-22 22:05:43.028353,5400.7,5401.2
2025-04-22 22:05:43.308683,5400.3,5400.9
2025-04-22 22:05:43.619272,5400.7,5401.2
2025-04-22 22:05:44.395650,5401.1,5402.8
2025-04-22 22:05:45.062795,5402.1,5403.4
2025-04-22 22:05:45.447742,5398.5,5399.6
2025-04-22 22:05:45.676908,5398.5,5399.4
2025-04-22 22:05:46.374004,5398.8,5399.4
2025-04-22 22:05:46.641451,5398.8,5399.6
2025-04-22 22:05:46.876298,5397.8,5399.4
2025-04-22 22:05:47.303015,5397.8,5398.7
2025-04-22 22:05:47.560183,5397.6,5398.7
2025-04-22 22:05:47.960792,5398.1,5399.2
2025-04-22 22:05:48.183035,5398.5,5399.4
2025-04-22 22:05:48.452018,5398.0,5398.6
2025-04-22 22:05:49.027773,5398.2,5398.7
2025-04-22 22:05:49.635600,5398.5,5399.1
2025-04-22 22:05:50.229276,5398.5,5399.4
2025-04-22 22:05:50.442964,5399.0,5399.6
2025-04-22 22:05:50.677564,5398.3,5399.4
2025-04-22 22:05:50.988516,5398.9,5399.4
2025-04-22 22:05:51.835397,5398.8,5399.4
2025-04-22 22:05:51.945333,5398.0,5398.5
2025-04-22 22:05:52.230901,5398.3,5398.9
2025-04-22 22:05:52.494653,5398.8,5399.4
2025-04-22 22:05:52.873243,5398.5,5399.4
2025-04-22 22:05:53.088326,5398.7,5399.2
2025-04-22 22:05:53.746878,5398.6,5399.4
2025-04-22 22:05:54.030716,5398.8,5399.4
2025-04-22 22:05:55.513687,5399.0,5399.5
2025-04-22 22:05:56.011371,5398.8,5399.4
2025-04-22 22:05:57.063134,5398.5,5399.0
2025-04-22 22:05:57.393624,5398.3,5398.9
2025-04-22 22:05:57.662903,5398.8,5399.6
2025-04-22 22:05:57.934329,5398.8,5399.4
2025-04-22 22:05:58.154784,5398.1,5398.9
2025-04-22 22:05:58.572481,5398.3,5398.9
2025-04-22 22:05:58.895710,5398.7,5399.2
2025-04-22 22:05:59.365300,5398.3,5398.9
2025-04-22 22:06:00.091036,5399.0,5399.5
2025-04-22 22:06:00.296443,5398.5,5399.6
2025-04-22 22:06:00.578562,5398.6,5399.4
2025-04-22 22:06:00.672442,5398.5,5399.4
2025-04-22 22:06:01.766467,5398.6,5399.2
2025-04-22 22:06:02.756433,5398.9,5399.4
2025-04-22 22:06:03.119266,5398.8,5399.4
2025-04-22 22:06:04.147659,5399.0,5399.5
2025-04-22 22:06:04.256325,5398.8,5399.7
2025-04-22 22:06:04.909866,5399.2,5399.7
2025-04-22 22:06:05.387975,5399.3,5399.9
2025-04-22 22:06:05.593254,5398.8,5399.7
2025-04-22 22:06:07.359858,5398.8,5399.4
2025-04-22 22:06:07.758765,5398.5,5399.9
2025-04-22 22:06:08.694098,5398.6,5399.2
2025-04-22 22:06:09.812287,5398.7,5399.2
2025-04-22 22:06:10.742443,5398.6,5399.7
2025-04-22 22:06:10.932961,5398.8,5399.6
2025-04-22 22:06:11.186631,5398.3,5398.9
2025-04-22 22:06:11.882866,5398.3,5399.2
2025-04-22 22:06:12.704323,5398.8,5399.7
2025-04-22 22:06:13.647405,5398.8,5399.4
2025-04-22 22:06:14.178033,5398.8,5399.6
2025-04-22 22:06:14.928954,5398.8,5399.4
2025-04-22 22:06:16.489993,5399.2,5399.7
2025-04-22 22:06:17.050836,5396.8,5397.9
2025-04-22 22:06:17.254173,5399.3,5399.9
2025-04-22 22:06:18.318807,5399.5,5400.1
2025-04-22 22:06:19.126139,5398.8,5399.4
2025-04-22 22:06:19.339728,5398.8,5399.6
2025-04-22 22:06:20.265189,5398.7,5399.2
2025-04-22 22:06:22.161609,5398.2,5398.7
2025-04-22 22:06:22.653642,5398.0,5398.5
2025-04-22 22:06:23.198302,5398.1,5398.9
2025-04-22 22:06:23.549271,5398.0,5398.9
2025-04-22 22:06:23.874900,5397.6,5398.4
2025-04-22 22:06:24.356981,5397.8,5398.4
2025-04-22 22:06:24.587894,5397.5,5398.4
2025-04-22 22:06:24.914904,5397.3,5398.4
2025-04-22 22:06:25.513114,5397.8,5398.4
2025-04-22 22:06:25.848110,5397.5,5398.4
2025-04-22 22:06:26.074882,5397.5,5398.1
2025-04-22 22:06:26.458489,5397.3,5397.9
2025-04-22 22:06:27.243470,5397.3,5398.2
2025-04-22 22:06:27.506638,5397.5,5398.4
2025-04-22 22:06:28.202395,5397.5,5398.1
2025-04-22 22:06:28.386057,5397.4,5397.9
2025-04-22 22:06:28.672190,5396.8,5397.6
2025-04-22 22:06:28.906281,5396.6,5397.2
2025-04-22 22:06:29.579685,5396.8,5397.7
2025-04-22 22:06:30.160986,5395.9,5397.6
2025-04-22 22:06:30.642734,5396.2,5396.7
2025-04-22 22:06:30.928637,5395.8,5396.7
2025-04-22 22:06:31.416722,5396.3,5397.1
2025-04-22 22:06:31.594329,5396.3,5396.9
2025-04-22 22:06:32.192128,5395.8,5396.7
2025-04-22 22:06:32.502884,5396.1,5396.7
2025-04-22 22:06:32.739842,5395.5,5396.4
2025-04-22 22:06:33.337052,5396.0,5396.9
2025-04-22 22:06:33.669348,5395.8,5396.4
2025-04-22 22:06:33.919733,5395.8,5396.9
2025-04-22 22:06:34.495808,5395.9,5396.4
2025-04-22 22:06:34.783464,5396.3,5396.9
2025-04-22 22:06:35.672058,5395.7,5396.2
2025-04-22 22:06:35.773935,5396.4,5396.9
2025-04-22 22:06:36.133720,5395.3,5396.1
2025-04-22 22:06:36.511713,5394.1,5394.7
2025-04-22 22:06:36.975649,5396.5,5397.1
2025-04-22 22:06:37.212639,5396.5,5397.4
2025-04-22 22:06:37.479311,5396.3,5397.2
2025-04-22 22:06:37.874455,5396.3,5397.1
2025-04-22 22:06:38.135804,5396.3,5396.9
2025-04-22 22:06:38.399136,5396.0,5396.6
2025-04-22 22:06:38.809004,5395.6,5396.4
2025-04-22 22:06:39.144163,5394.8,5395.6
2025-04-22 22:06:39.518290,5394.5,5395.6
2025-04-22 22:06:39.803604,5395.0,5395.6
2025-04-22 22:06:40.085453,5394.8,5395.9
2025-04-22 22:06:40.578192,5395.0,5395.6
2025-04-22 22:06:40.790876,5395.3,5396.1
2025-04-22 22:06:41.345571,5395.0,5395.9
2025-04-22 22:06:41.897136,5395.3,5396.1
2025-04-22 22:06:42.581016,5395.5,5396.0
2025-04-22 22:06:42.830173,5395.3,5395.9
2025-04-22 22:06:43.177501,5395.7,5396.2
2025-04-22 22:06:43.524288,5395.3,5396.2
2025-04-22 22:06:44.032805,5394.8,5396.2
2025-04-22 22:06:44.475762,5394.5,5395.0
2025-04-22 22:06:44.866398,5394.1,5394.7
2025-04-22 22:06:45.056845,5396.1,5397.2
2025-04-22 22:06:45.625756,5394.8,5395.6
2025-04-22 22:06:45.945449,5394.8,5396.4
2025-04-22 22:06:46.698455,5395.2,5395.7
2025-04-22 22:06:47.325712,5394.8,5395.7
2025-04-22 22:06:47.833045,5395.3,5396.1
2025-04-22 22:06:49.362458,5395.0,5396.1
2025-04-22 22:06:49.859289,5395.3,5395.9
2025-04-22 22:06:50.133029,5395.4,5395.9
2025-04-22 22:06:50.527651,5395.1,5395.7
2025-04-22 22:06:51.137541,5394.6,5395.7
2025-04-22 22:06:51.377635,5394.8,5395.6
2025-04-22 22:06:51.763369,5395.0,5395.9
2025-04-22 22:06:52.042826,5394.6,5395.7
2025-04-22 22:06:52.136760,5394.2,5394.7
2025-04-22 22:06:52.438539,5395.2,5395.7
2025-04-22 22:06:52.704591,5394.6,5395.2
2025-04-22 22:06:53.157746,5394.5,5395.4
2025-04-22 22:06:53.614239,5394.3,5395.2
2025-04-22 22:06:53.711306,5395.0,5395.5
2025-04-22 22:06:54.471750,5395.0,5395.6
2025-04-22 22:06:54.771825,5394.8,5395.4
2025-04-22 22:06:56.277525,5394.6,5395.7
2025-04-22 22:06:56.437635,5394.8,5395.4
2025-04-22 22:06:58.688059,5395.0,5395.5
2025-04-22 22:06:59.169580,5395.5,5396.0
2025-04-22 22:06:59.534412,5396.4,5396.9
2025-04-22 22:07:00.030066,5395.8,5396.4
2025-04-22 22:07:00.611073,5396.0,5396.9
2025-04-22 22:07:01.067419,5395.8,5396.4
2025-04-22 22:07:01.558816,5395.8,5396.7
2025-04-22 22:07:01.691799,5396.1,5396.7
2025-04-22 22:07:02.481242,5396.3,5398.0
2025-04-22 22:07:03.359516,5397.4,5397.9
2025-04-22 22:07:03.541072,5396.8,5397.4
2025-04-22 22:07:04.015650,5397.0,5397.9
2025-04-22 22:07:04.262459,5397.5,5398.0
2025-04-22 22:07:04.561058,5397.3,5398.2
2025-04-22 22:07:04.715058,5397.7,5398.2
2025-04-22 22:07:04.951684,5397.3,5397.9
2025-04-22 22:07:05.211481,5397.4,5397.9
2025-04-22 22:07:05.414073,5398.0,5398.9
2025-04-22 22:07:06.132936,5397.5,5398.1
2025-04-22 22:07:06.537752,5396.8,5397.4
2025-04-22 22:07:07.030964,5396.8,5397.7
2025-04-22 22:07:07.603864,5396.8,5397.9
2025-04-22 22:07:08.416167,5397.7,5398.2
2025-04-22 22:07:09.312302,5397.1,5397.7
2025-04-22 22:07:09.534199,5397.0,5397.6
2025-04-22 22:07:10.012505,5397.0,5398.1
2025-04-22 22:07:10.613126,5397.1,5398.2
2025-04-22 22:07:10.832081,5397.1,5397.7
2025-04-22 22:07:11.331518,5397.0,5397.9
2025-04-22 22:07:11.833696,5397.1,5397.7
2025-04-22 22:07:12.184704,5397.3,5398.1
2025-04-22 22:07:13.211295,5397.0,5397.5
2025-04-22 22:07:13.496311,5396.8,5397.7
2025-04-22 22:07:13.893907,5397.0,5398.1
2025-04-22 22:07:14.391687,5397.2,5397.7
2025-04-22 22:07:14.888541,5396.8,5397.7
2025-04-22 22:07:15.282218,5396.8,5397.4
2025-04-22 22:07:15.786167,5396.3,5397.2
2025-04-22 22:07:15.850990,5396.3,5397.7
2025-04-22 22:07:16.716103,5396.8,5397.4
2025-04-22 22:07:17.746281,5396.1,5397.2
2025-04-22 22:07:18.443936,5395.6,5396.4
2025-04-22 22:07:18.929003,5395.6,5396.2
2025-04-22 22:07:19.258122,5396.0,5396.5
2025-04-22 22:07:19.451718,5394.8,5396.4
2025-04-22 22:07:19.702222,5395.1,5395.7
2025-04-22 22:07:20.080923,5394.7,5395.2
2025-04-22 22:07:21.024016,5395.2,5395.7
2025-04-22 22:07:21.524096,5395.1,5395.7
2025-04-22 22:07:21.811227,5395.3,5395.9
2025-04-22 22:07:22.828337,5395.7,5396.2
2025-04-22 22:07:23.231718,5395.1,5395.9
2025-04-22 22:07:25.986759,5396.0,5396.5
2025-04-22 22:07:26.231450,5396.1,5396.9
2025-04-22 22:07:27.191103,5396.4,5396.9
2025-04-22 22:07:27.919337,5396.1,5396.9
2025-04-22 22:07:28.289430,5396.1,5396.7
2025-04-22 22:07:29.114541,5396.3,5396.9
2025-04-22 22:07:30.847065,5395.8,5396.6
2025-04-22 22:07:32.898811,5395.9,5396.4
2025-04-22 22:07:33.179818,5396.1,5396.6
2025-04-22 22:07:33.772459,5395.8,5396.7
2025-04-22 22:07:34.116813,5395.6,5396.7
2025-04-22 22:07:34.356856,5395.8,5396.6
2025-04-22 22:07:34.988225,5396.0,5396.6
2025-04-22 22:07:36.533828,5396.0,5396.5
2025-04-22 22:07:37.319211,5395.8,5396.6
2025-04-22 22:07:37.807894,5395.3,5396.2
2025-04-22 22:07:38.612975,5394.8,5395.9
2025-04-22 22:07:39.913190,5395.0,5395.6
2025-04-22 22:07:40.116114,5396.2,5396.7
2025-04-22 22:07:41.078880,5395.3,5396.4
2025-04-22 22:07:41.426861,5395.3,5395.9
2025-04-22 22:07:42.528321,5395.3,5396.4
2025-04-22 22:07:43.439761,5395.1,5395.9
2025-04-22 22:07:44.003824,5395.3,5396.4
2025-04-22 22:07:44.226486,5395.6,5396.2
2025-04-22 22:07:44.781351,5395.3,5395.9
2025-04-22 22:07:45.151487,5395.1,5395.9
2025-04-22 22:07:46.050982,5395.5,5396.1
2025-04-22 22:07:46.379798,5395.3,5396.2
2025-04-22 22:07:46.704268,5394.4,5396.1
2025-04-22 22:07:46.998621,5395.0,5395.9
2025-04-22 22:07:47.900449,5394.7,5395.2
2025-04-22 22:07:50.666352,5394.6,5395.4
2025-04-22 22:07:51.630158,5394.3,5395.4
2025-04-22 22:07:52.327842,5394.5,5395.4
2025-04-22 22:07:52.770520,5394.5,5395.1
2025-04-22 22:07:52.979340,5394.3,5395.1
2025-04-22 22:07:53.671995,5394.6,5395.2
2025-04-22 22:07:54.919810,5394.3,5395.2
2025-04-22 22:07:55.678177,5394.6,5395.2
2025-04-22 22:07:56.165691,5393.8,5394.9
2025-04-22 22:07:57.012200,5394.3,5395.1
2025-04-22 22:07:57.031126,5394.7,5395.2
2025-04-22 22:07:58.297242,5394.8,5395.4
2025-04-22 22:07:59.057259,5395.8,5396.4
2025-04-22 22:07:59.578967,5396.2,5396.7
2025-04-22 22:08:00.716593,5395.6,5396.4
2025-04-22 22:08:01.229714,5395.8,5396.4
2025-04-22 22:08:01.433854,5395.3,5396.2
2025-04-22 22:08:01.936632,5395.3,5396.1
2025-04-22 22:08:02.499462,5394.2,5394.7
2025-04-22 22:08:03.525712,5394.3,5395.1
2025-04-22 22:08:03.929728,5394.5,5395.1
2025-04-22 22:08:04.489526,5394.7,5395.2
2025-04-22 22:08:04.796019,5394.1,5395.2
2025-04-22 22:08:05.646636,5394.2,5394.7
2025-04-22 22:08:06.491954,5394.1,5394.9
2025-04-22 22:08:07.699938,5394.1,5395.4
2025-04-22 22:08:08.065699,5394.3,5395.2
2025-04-22 22:08:08.738654,5394.6,5395.2
2025-04-22 22:08:09.008427,5394.5,5395.0
2025-04-22 22:08:09.112366,5394.3,5395.1
2025-04-22 22:08:09.654398,5394.3,5395.4
2025-04-22 22:08:10.059442,5394.3,5395.2
2025-04-22 22:08:10.333592,5395.0,5395.5
2025-04-22 22:08:10.799014,5393.3,5395.0
2025-04-22 22:08:11.536001,5394.0,5394.9
2025-04-22 22:08:11.772910,5393.8,5394.7
2025-04-22 22:08:12.525827,5393.8,5394.4
2025-04-22 22:08:13.585032,5393.6,5394.4
2025-04-22 22:08:14.083642,5394.5,5395.0
2025-04-22 22:08:15.466971,5394.3,5394.9
2025-04-22 22:08:16.216918,5394.0,5394.6
2025-04-22 22:08:16.470905,5394.3,5395.6
2025-04-22 22:08:18.008360,5394.7,5395.2
2025-04-22 22:08:18.493439,5395.5,5396.1
2025-04-22 22:08:19.611580,5395.0,5395.5
2025-04-22 22:08:19.893234,5395.0,5395.6
2025-04-22 22:08:20.263920,5394.7,5395.2
2025-04-22 22:08:20.558043,5394.3,5394.9
2025-04-22 22:08:21.305715,5394.0,5394.6
2025-04-22 22:08:23.528905,5393.8,5394.7
2025-04-22 22:08:24.961590,5394.3,5394.9
2025-04-22 22:08:26.455750,5393.6,5394.4
2025-04-22 22:08:27.720059,5394.2,5394.7
2025-04-22 22:08:28.235696,5393.7,5394.2
2025-04-22 22:08:28.261648,5393.2,5393.7
2025-04-22 22:08:29.176719,5392.6,5393.4
2025-04-22 22:08:29.659941,5392.8,5393.4
2025-04-22 22:08:30.105610,5392.8,5393.6
2025-04-22 22:08:30.350231,5392.2,5392.7
2025-04-22 22:08:31.332805,5392.1,5392.7
2025-04-22 22:08:31.869957,5392.0,5392.9
2025-04-22 22:08:33.131409,5392.0,5392.5
2025-04-22 22:08:34.320686,5391.9,5392.4
2025-04-22 22:08:36.313184,5392.4,5392.9
2025-04-22 22:08:36.530511,5392.6,5393.4
2025-04-22 22:08:37.252308,5392.7,5393.2
2025-04-22 22:08:37.882898,5392.0,5392.9
2025-04-22 22:08:38.167121,5392.0,5392.5
2025-04-22 22:08:39.321812,5392.4,5392.9
2025-04-22 22:08:39.536626,5392.1,5392.7
2025-04-22 22:08:40.133963,5392.2,5392.7
2025-04-22 22:08:41.175531,5392.5,5393.1
2025-04-22 22:08:41.476095,5392.3,5393.1
2025-04-22 22:08:41.929527,5391.7,5392.2
2025-04-22 22:08:42.207152,5391.8,5392.6
2025-04-22 22:08:43.223542,5392.0,5392.9
2025-04-22 22:08:44.674426,5392.1,5392.7
2025-04-22 22:08:46.141855,5392.2,5392.7
2025-04-22 22:08:46.533937,5391.8,5392.4
2025-04-22 22:08:47.442473,5392.0,5392.5
2025-04-22 22:08:47.891995,5392.0,5392.6
2025-04-22 22:08:49.983116,5391.5,5392.4
2025-04-22 22:08:50.402594,5391.3,5392.1
2025-04-22 22:08:51.773012,5391.8,5392.7
2025-04-22 22:08:52.607085,5391.8,5392.4
2025-04-22 22:08:53.084242,5391.6,5392.4
2025-04-22 22:08:53.886737,5391.5,5392.0
2025-04-22 22:08:54.782487,5392.0,5392.6
2025-04-22 22:08:55.280711,5392.3,5392.9
2025-04-22 22:08:55.754190,5392.4,5392.9
2025-04-22 22:08:56.283128,5392.5,5393.6
2025-04-22 22:08:56.678537,5392.5,5393.4
2025-04-22 22:08:57.233277,5392.5,5393.0
2025-04-22 22:08:57.959682,5392.1,5392.9
2025-04-22 22:08:58.275345,5391.8,5392.4
2025-04-22 22:08:58.502398,5391.7,5392.2
2025-04-22 22:08:58.731821,5392.0,5392.9
2025-04-22 22:08:58.965701,5392.0,5392.5
2025-04-22 22:08:59.742735,5391.9,5392.4
2025-04-22 22:09:00.225589,5392.1,5392.6
2025-04-22 22:09:00.383923,5391.3,5392.2
2025-04-22 22:09:00.814401,5391.2,5391.7
2025-04-22 22:09:01.692944,5391.0,5391.5
2025-04-22 22:09:02.234331,5391.3,5391.9
2025-04-22 22:09:03.219558,5390.3,5391.4
2025-04-22 22:09:04.722062,5390.8,5391.6
2025-04-22 22:09:05.427258,5390.3,5391.7
2025-04-22 22:09:05.728440,5391.2,5391.7
2025-04-22 22:09:06.188272,5391.3,5391.9
2025-04-22 22:09:08.104168,5391.7,5392.2
2025-04-22 22:09:08.685923,5391.5,5392.0
2025-04-22 22:09:09.227505,5391.8,5392.4
2025-04-22 22:09:10.109517,5391.8,5392.7
2025-04-22 22:09:10.583206,5392.0,5392.5
2025-04-22 22:09:11.444223,5392.3,5393.1
2025-04-22 22:09:11.751588,5392.2,5392.7
2025-04-22 22:09:12.344226,5392.3,5392.9
2025-04-22 22:09:12.933938,5392.0,5392.5
2025-04-22 22:09:13.313842,5391.7,5392.2
2025-04-22 22:09:13.676136,5391.3,5391.9
2025-04-22 22:09:15.536395,5391.2,5391.7
2025-04-22 22:09:15.819114,5391.3,5391.9
2025-04-22 22:09:16.148224,5391.5,5392.1
2025-04-22 22:09:16.292427,5391.1,5391.7
2025-04-22 22:09:16.649211,5391.1,5391.9
2025-04-22 22:09:18.342664,5391.3,5391.9
2025-04-22 22:09:18.989063,5390.8,5391.9
2025-04-22 22:09:19.437480,5390.6,5391.4
2025-04-22 22:09:19.846671,5390.7,5391.2
2025-04-22 22:09:20.356787,5391.2,5391.7
2025-04-22 22:09:21.201384,5391.4,5391.9
2025-04-22 22:09:23.764289,5391.7,5392.2
2025-04-22 22:09:25.160011,5390.8,5392.4
2025-04-22 22:09:25.477835,5390.4,5390.9
2025-04-22 22:09:26.045058,5390.0,5390.5
2025-04-22 22:09:26.956994,5389.8,5390.4
2025-04-22 22:09:28.159318,5389.9,5390.4
2025-04-22 22:09:29.141983,5389.7,5390.2
2025-04-22 22:09:29.368123,5389.3,5389.9
2025-04-22 22:09:30.160586,5389.6,5390.2
2025-04-22 22:09:30.411361,5389.5,5390.1
2025-04-22 22:09:30.442917,5389.7,5390.2
2025-04-22 22:09:31.193254,5389.3,5390.2
2025-04-22 22:09:31.690766,5389.7,5390.2
2025-04-22 22:09:32.374007,5389.8,5390.4
2025-04-22 22:09:32.621529,5389.2,5389.7
2025-04-22 22:09:32.855956,5389.3,5390.2
2025-04-22 22:09:33.932759,5389.7,5390.2
2025-04-22 22:09:34.228942,5390.2,5390.7
2025-04-22 22:09:34.307607,5390.0,5390.6
2025-04-22 22:09:34.687366,5389.9,5390.4
2025-04-22 22:09:35.459891,5390.2,5390.7
2025-04-22 22:09:36.520137,5387.7,5388.2
2025-04-22 22:09:37.010331,5387.5,5388.4
2025-04-22 22:09:37.271209,5386.8,5387.7
2025-04-22 22:09:37.368390,5386.0,5387.6
2025-04-22 22:09:37.884384,5386.2,5386.7
2025-04-22 22:09:38.372723,5386.0,5386.5
2025-04-22 22:09:38.685675,5386.5,5387.1
2025-04-22 22:09:38.857673,5386.5,5387.4
2025-04-22 22:09:39.264145,5386.3,5386.9
2025-04-22 22:09:39.639098,5386.2,5386.7
2025-04-22 22:09:40.066800,5386.7,5387.2
2025-04-22 22:09:40.225019,5386.2,5386.7
2025-04-22 22:09:40.701067,5386.3,5386.9
2025-04-22 22:09:41.087383,5386.2,5386.7
2025-04-22 22:09:41.595645,5385.8,5386.7
2025-04-22 22:09:41.653266,5386.4,5386.9
2025-04-22 22:09:42.094176,5386.7,5387.2
2025-04-22 22:09:42.793306,5386.5,5387.0
2025-04-22 22:09:43.627631,5386.2,5386.7
2025-04-22 22:09:43.702087,5385.8,5386.7
2025-04-22 22:09:44.076139,5385.6,5386.7
2025-04-22 22:09:44.294360,5385.8,5386.7
2025-04-22 22:09:45.034494,5386.3,5386.9
2025-04-22 22:09:45.230390,5386.5,5387.4
2025-04-22 22:09:45.686292,5387.0,5387.5
2025-04-22 22:09:46.008089,5386.6,5387.4
2025-04-22 22:09:46.244993,5386.2,5386.7
2025-04-22 22:09:46.658337,5386.4,5386.9
2025-04-22 22:09:47.371971,5386.3,5386.9
2025-04-22 22:09:47.470577,5386.5,5387.4
2025-04-22 22:09:48.290375,5386.7,5387.2
2025-04-22 22:09:48.789316,5386.9,5387.4
2025-04-22 22:09:49.245730,5386.6,5387.2
2025-04-22 22:09:49.899056,5386.7,5387.2
2025-04-22 22:09:50.425870,5386.5,5387.0
2025-04-22 22:09:50.919100,5386.8,5387.4
2025-04-22 22:09:50.952219,5386.7,5387.2
2025-04-22 22:09:51.666637,5386.6,5387.2
2025-04-22 22:09:51.908215,5386.5,5387.0
2025-04-22 22:09:52.225925,5386.6,5387.2
2025-04-22 22:09:52.718379,5386.5,5387.0
2025-04-22 22:09:53.008787,5386.0,5386.5
2025-04-22 22:09:53.616735,5386.2,5386.7
2025-04-22 22:09:53.832625,5386.7,5387.2
2025-04-22 22:09:54.549975,5386.1,5386.9
2025-04-22 22:09:54.804167,5385.8,5386.6
2025-04-22 22:09:55.010151,5385.2,5385.7
2025-04-22 22:09:55.086767,5385.8,5386.4
2025-04-22 22:09:55.922583,5385.7,5386.2
2025-04-22 22:09:56.365020,5386.0,5386.5
2025-04-22 22:09:56.720714,5385.5,5386.6
2025-04-22 22:09:58.206846,5385.8,5386.4
2025-04-22 22:09:58.748411,5385.6,5386.4
2025-04-22 22:09:58.991521,5385.9,5386.4
2025-04-22 22:09:59.211353,5386.2,5386.7
2025-04-22 22:09:59.456844,5385.8,5386.6
2025-04-22 22:10:00.410760,5386.0,5386.6
2025-04-22 22:10:00.575409,5386.0,5386.5
2025-04-22 22:10:00.730991,5386.3,5386.9
2025-04-22 22:10:01.138106,5386.5,5387.0
2025-04-22 22:10:01.852118,5386.2,5386.7
2025-04-22 22:10:02.454501,5386.1,5386.7
2025-04-22 22:10:03.024044,5386.4,5386.9
2025-04-22 22:10:03.294751,5386.3,5387.2
2025-04-22 22:10:03.793561,5386.3,5387.1
2025-04-22 22:10:04.466169,5386.3,5387.2
2025-04-22 22:10:05.376732,5386.1,5386.9
2025-04-22 22:10:05.701987,5386.4,5386.9
2025-04-22 22:10:06.730511,5386.0,5386.5
2025-04-22 22:10:07.538428,5385.5,5386.0
2025-04-22 22:10:07.844600,5385.2,5385.7
2025-04-22 22:10:08.540062,5385.8,5386.4
2025-04-22 22:10:08.604511,5386.4,5386.9
2025-04-22 22:10:09.047962,5386.3,5386.9
2025-04-22 22:10:09.464688,5386.3,5387.1
2025-04-22 22:10:09.630873,5385.2,5385.7
2025-04-22 22:10:10.053362,5384.5,5385.0
2025-04-22 22:10:10.632479,5384.8,5385.4
2025-04-22 22:10:11.539687,5384.6,5385.4
2025-04-22 22:10:12.023639,5384.6,5385.2
2025-04-22 22:10:12.126558,5384.5,5385.4
2025-04-22 22:10:12.625495,5384.5,5385.0
2025-04-22 22:10:12.673586,5384.9,5385.4
2025-04-22 22:10:14.547518,5384.7,5385.2
2025-04-22 22:10:14.746509,5384.5,5385.1
2025-04-22 22:10:15.752512,5383.9,5384.4
2025-04-22 22:10:16.220597,5383.6,5384.4
2025-04-22 22:10:16.635475,5383.8,5384.4
2025-04-22 22:10:16.884784,5383.3,5383.9
2025-04-22 22:10:17.905600,5383.0,5383.9
2025-04-22 22:10:18.157192,5382.6,5383.2
2025-04-22 22:10:18.735051,5382.8,5383.4
2025-04-22 22:10:19.113484,5382.9,5383.4
2025-04-22 22:10:19.676696,5382.7,5383.2
2025-04-22 22:10:20.993850,5382.3,5382.9
2025-04-22 22:10:21.426074,5382.2,5382.7
2025-04-22 22:10:21.943047,5382.0,5382.5
2025-04-22 22:10:22.209470,5382.0,5382.6
2025-04-22 22:10:22.952493,5381.8,5382.7
2025-04-22 22:10:23.199394,5381.0,5381.5
2025-04-22 22:10:23.298450,5381.8,5382.6
2025-04-22 22:10:23.637789,5381.7,5382.2
2025-04-22 22:10:24.539437,5381.8,5382.4
2025-04-22 22:10:24.753755,5381.5,5382.1
2025-04-22 22:10:25.079002,5381.7,5382.2
2025-04-22 22:10:25.548444,5381.8,5382.4
2025-04-22 22:10:25.791105,5381.4,5381.9
2025-04-22 22:10:26.079425,5381.7,5382.2
2025-04-22 22:10:26.451167,5381.5,5382.0
2025-04-22 22:10:26.790309,5381.1,5381.7
2025-04-22 22:10:27.338971,5380.9,5381.4
2025-04-22 22:10:27.847101,5381.3,5381.9
2025-04-22 22:10:28.060928,5381.2,5381.7
2025-04-22 22:10:28.525491,5381.1,5381.7
2025-04-22 22:10:29.211346,5380.8,5381.9
2025-04-22 22:10:29.498058,5382.5,5383.4
2025-04-22 22:10:29.558747,5382.5,5383.0
2025-04-22 22:10:29.806290,5383.3,5383.9
2025-04-22 22:10:30.306703,5382.8,5383.6
2025-04-22 22:10:30.587042,5382.8,5383.4
2025-04-22 22:10:30.861360,5383.5,5384.1
2025-04-22 22:10:31.611129,5383.3,5383.9
2025-04-22 22:10:32.067155,5383.1,5383.7
2025-04-22 22:10:32.749056,5383.6,5384.2
2025-04-22 22:10:33.107284,5383.8,5384.4
2025-04-22 22:10:33.439401,5382.8,5383.9
2025-04-22 22:10:33.582993,5382.8,5383.6
2025-04-22 22:10:33.687958,5383.1,5383.7
2025-04-22 22:10:33.941625,5383.8,5384.4
2025-04-22 22:10:34.852306,5383.3,5383.9
2025-04-22 22:10:35.358165,5383.7,5384.2
2025-04-22 22:10:35.709982,5384.0,5384.5
2025-04-22 22:10:36.243656,5383.6,5384.4
2025-04-22 22:10:36.371655,5384.2,5384.7
2025-04-22 22:10:37.064112,5384.1,5384.7
2025-04-22 22:10:38.082426,5384.3,5385.2
2025-04-22 22:10:38.253408,5385.1,5385.7
2025-04-22 22:10:38.643558,5385.5,5386.1
2025-04-22 22:10:38.973010,5386.3,5386.9
2025-04-22 22:10:39.374656,5385.6,5386.4
2025-04-22 22:10:39.751216,5385.8,5386.6
2025-04-22 22:10:39.934879,5385.8,5386.4
2025-04-22 22:10:40.431912,5385.8,5386.7
2025-04-22 22:10:40.955748,5386.3,5386.9
2025-04-22 22:10:41.794205,5386.5,5387.0
2025-04-22 22:10:42.104645,5386.7,5387.2
2025-04-22 22:10:42.613611,5387.0,5387.5
2025-04-22 22:10:42.823894,5386.7,5387.2
2025-04-22 22:10:43.757515,5386.3,5386.9
2025-04-22 22:10:43.989898,5386.5,5387.4
2025-04-22 22:10:44.258187,5386.3,5386.9
2025-04-22 22:10:44.478606,5386.8,5387.6
2025-04-22 22:10:44.972209,5386.3,5386.9
2025-04-22 22:10:45.875235,5386.5,5387.4
2025-04-22 22:10:46.241867,5386.8,5387.6
2025-04-22 22:10:46.568937,5386.7,5387.2
2025-04-22 22:10:46.862364,5387.0,5387.5
2025-04-22 22:10:47.604071,5387.0,5387.6
2025-04-22 22:10:48.577205,5386.8,5387.4
2025-04-22 22:10:49.049037,5386.5,5387.0
2025-04-22 22:10:49.374633,5386.7,5387.2
2025-04-22 22:10:49.814532,5386.8,5387.4
2025-04-22 22:10:50.316903,5386.3,5386.9
2025-04-22 22:10:51.489937,5386.0,5386.9
2025-04-22 22:10:54.151732,5386.0,5386.5
2025-04-22 22:10:54.712490,5386.3,5387.1
2025-04-22 22:10:56.340362,5386.2,5386.7
2025-04-22 22:10:57.453159,5386.5,5387.1
2025-04-22 22:10:58.200037,5386.6,5387.2
2025-04-22 22:10:58.705071,5386.5,5387.4
2025-04-22 22:10:59.274835,5386.7,5387.2
2025-04-22 22:11:00.181712,5387.0,5387.5
2025-04-22 22:11:00.635833,5386.5,5387.0
2025-04-22 22:11:01.376396,5386.3,5387.2
2025-04-22 22:11:01.557651,5386.4,5386.9
2025-04-22 22:11:01.810426,5386.7,5387.2
2025-04-22 22:11:02.834136,5386.4,5386.9
2025-04-22 22:11:03.518744,5386.3,5387.2
2025-04-22 22:11:03.834327,5386.9,5387.4
2025-04-22 22:11:04.606274,5386.6,5387.4
2025-04-22 22:11:04.652108,5386.9,5387.4
2025-04-22 22:11:05.011582,5386.6,5387.2
2025-04-22 22:11:05.756606,5386.5,5387.0
2025-04-22 22:11:06.059886,5387.0,5387.6
2025-04-22 22:11:06.623508,5387.2,5387.7
2025-04-22 22:11:08.351255,5387.1,5387.7
2025-04-22 22:11:08.957028,5387.3,5387.9
2025-04-22 22:11:09.223814,5387.2,5387.7
2025-04-22 22:11:09.990646,5387.3,5387.9
2025-04-22 22:11:10.557541,5387.7,5388.2
2025-04-22 22:11:11.057190,5387.6,5388.2
2025-04-22 22:11:11.747863,5387.5,5388.0
2025-04-22 22:11:12.760573,5387.6,5388.2
2025-04-22 22:11:12.888502,5387.5,5388.0
2025-04-22 22:11:13.257041,5387.8,5388.4
2025-04-22 22:11:15.220239,5388.2,5388.7
2025-04-22 22:11:15.828905,5387.8,5388.4
2025-04-22 22:11:18.334913,5388.0,5388.6
2025-04-22 22:11:18.590082,5388.0,5388.5
2025-04-22 22:11:20.591694,5387.8,5388.4
2025-04-22 22:11:21.169037,5387.8,5388.7
2025-04-22 22:11:21.329286,5388.2,5388.7
2025-04-22 22:11:22.188374,5387.8,5388.4
2025-04-22 22:11:23.167033,5388.3,5388.9
2025-04-22 22:11:23.804729,5388.2,5388.7
2025-04-22 22:11:24.465864,5387.8,5388.4
2025-04-22 22:11:26.638486,5387.9,5388.4
2025-04-22 22:11:26.761123,5388.0,5388.6
2025-04-22 22:11:27.369121,5388.2,5388.7
2025-04-22 22:11:27.658140,5388.1,5388.7
2025-04-22 22:11:28.828050,5388.2,5388.7
2025-04-22 22:11:29.149289,5388.1,5388.7
2025-04-22 22:11:32.468437,5388.3,5388.9
2025-04-22 22:11:32.990533,5387.8,5388.4
2025-04-22 22:11:33.357686,5388.2,5388.7
2025-04-22 22:11:33.671131,5388.1,5388.7
2025-04-22 22:11:34.076099,5388.3,5388.9
2025-04-22 22:11:34.494433,5387.9,5388.4
2025-04-22 22:11:35.092291,5387.8,5388.4
2025-04-22 22:11:35.293870,5386.9,5387.4
2025-04-22 22:11:36.167226,5386.8,5387.4
2025-04-22 22:11:36.279263,5386.9,5387.4
2025-04-22 22:11:36.450507,5387.0,5387.6
2025-04-22 22:11:36.609423,5386.7,5387.2
2025-04-22 22:11:37.499719,5386.6,5387.2
2025-04-22 22:11:37.693820,5386.9,5387.4
2025-04-22 22:11:38.055705,5386.5,5387.0
2025-04-22 22:11:38.287762,5386.4,5386.9
2025-04-22 22:11:38.522348,5386.3,5386.9
2025-04-22 22:11:38.804118,5386.2,5386.7
2025-04-22 22:11:39.523177,5386.3,5386.9
2025-04-22 22:11:40.012418,5386.1,5386.7
2025-04-22 22:11:40.238610,5385.9,5386.4
2025-04-22 22:11:41.121376,5386.1,5386.7
2025-04-22 22:11:45.278004,5386.5,5387.1
2025-04-22 22:11:45.719872,5386.3,5386.9
2025-04-22 22:11:46.603023,5386.0,5386.6
2025-04-22 22:11:49.044539,5386.9,5387.4
2025-04-22 22:11:49.754358,5386.7,5387.2
2025-04-22 22:11:50.654322,5386.4,5386.9
2025-04-22 22:11:50.962927,5386.3,5386.9
2025-04-22 22:11:51.255526,5386.0,5386.5
2025-04-22 22:11:51.604527,5386.0,5386.6
2025-04-22 22:11:55.156574,5386.0,5386.5
2025-04-22 22:11:55.420486,5386.3,5387.1
2025-04-22 22:11:55.650130,5386.4,5386.9
2025-04-22 22:11:57.054244,5386.3,5387.4
2025-04-22 22:11:57.954614,5386.8,5387.4
2025-04-22 22:11:59.932987,5386.9,5387.4
2025-04-22 22:12:00.594950,5387.0,5387.6
2025-04-22 22:12:01.054916,5386.6,5387.2
2025-04-22 22:12:01.797508,5386.5,5387.0
2025-04-22 22:12:02.392487,5386.8,5387.4
2025-04-22 22:12:05.217105,5386.3,5387.2
2025-04-22 22:12:05.722794,5386.6,5387.2
2025-04-22 22:12:06.013380,5386.7,5387.2
2025-04-22 22:12:07.067663,5386.3,5386.9
2025-04-22 22:12:07.320020,5385.8,5386.4
2025-04-22 22:12:10.001550,5385.9,5386.4
2025-04-22 22:12:11.003397,5386.0,5386.6
2025-04-22 22:12:11.943871,5385.3,5386.4
2025-04-22 22:12:12.818204,5385.5,5386.4
2025-04-22 22:12:13.475634,5385.5,5386.0
2025-04-22 22:12:14.644059,5385.5,5386.1
2025-04-22 22:12:15.271069,5385.2,5385.7
2025-04-22 22:12:15.463939,5385.6,5386.2
2025-04-22 22:12:16.009794,5383.6,5384.4
2025-04-22 22:12:16.241404,5383.8,5384.6
2025-04-22 22:12:16.714050,5384.0,5384.5
2025-04-22 22:12:17.457659,5384.2,5384.7
2025-04-22 22:12:17.956335,5384.4,5384.9
2025-04-22 22:12:18.324813,5384.1,5384.7
2025-04-22 22:12:18.809908,5383.8,5384.4
2025-04-22 22:12:19.505631,5384.0,5384.5
2025-04-22 22:12:20.075077,5384.2,5384.7
2025-04-22 22:12:21.507810,5384.3,5384.9
2025-04-22 22:12:22.460094,5384.4,5384.9
2025-04-22 22:12:22.506148,5384.3,5384.9
2025-04-22 22:12:22.853875,5384.3,5385.1
2025-04-22 22:12:23.404505,5384.0,5384.5
2025-04-22 22:12:23.872536,5383.8,5384.4
2025-04-22 22:12:24.751233,5384.2,5384.7
2025-04-22 22:12:25.541130,5383.8,5384.4
2025-04-22 22:12:25.875604,5384.0,5384.5
2025-04-22 22:12:26.210088,5384.4,5384.9
2025-04-22 22:12:26.871171,5384.1,5384.7
2025-04-22 22:12:27.572522,5384.0,5384.5
2025-04-22 22:12:28.164590,5384.1,5384.7
2025-04-22 22:12:28.711276,5384.4,5384.9
2025-04-22 22:12:29.942752,5384.2,5384.7
2025-04-22 22:12:30.957057,5384.6,5385.2
2025-04-22 22:12:31.145803,5385.5,5386.1
2025-04-22 22:12:31.658086,5385.5,5386.0
2025-04-22 22:12:31.963800,5385.2,5385.7
2025-04-22 22:12:32.700171,5385.6,5386.4
2025-04-22 22:12:33.004943,5386.3,5387.4
2025-04-22 22:12:33.265635,5386.2,5386.7
2025-04-22 22:12:34.179106,5386.0,5386.9
2025-04-22 22:12:35.083662,5385.5,5386.4
2025-04-22 22:12:35.302319,5385.3,5385.9
2025-04-22 22:12:35.974597,5385.7,5386.2
2025-04-22 22:12:36.494524,5385.6,5386.4
2025-04-22 22:12:37.010086,5386.0,5386.5
2025-04-22 22:12:37.972935,5386.1,5386.9
2025-04-22 22:12:38.728824,5386.3,5386.9
2025-04-22 22:12:39.043569,5386.5,5387.0
2025-04-22 22:12:39.788161,5386.7,5387.2
2025-04-22 22:12:39.907937,5386.5,5387.4
2025-04-22 22:12:42.302360,5386.5,5387.1
2025-04-22 22:12:42.803707,5386.2,5386.7
2025-04-22 22:12:43.171006,5385.5,5386.1
2025-04-22 22:12:43.655032,5385.3,5385.9
2025-04-22 22:12:44.504277,5386.0,5386.6
2025-04-22 22:12:44.750344,5386.0,5386.5
2025-04-22 22:12:46.136491,5386.3,5386.9
2025-04-22 22:12:46.675203,5386.7,5387.2
2025-04-22 22:12:47.665334,5386.3,5386.9
2025-04-22 22:12:49.442986,5386.2,5386.7
2025-04-22 22:12:49.869163,5386.7,5387.2
2025-04-22 22:12:50.394235,5386.8,5387.4
2025-04-22 22:12:51.936716,5386.9,5387.4
2025-04-22 22:12:52.428659,5387.0,5387.6
2025-04-22 22:12:52.917442,5386.5,5387.1
2025-04-22 22:12:53.178530,5386.8,5387.4
2025-04-22 22:12:53.424361,5387.1,5387.9
2025-04-22 22:12:53.677893,5386.5,5387.6
2025-04-22 22:12:53.905847,5386.8,5387.4
2025-04-22 22:12:55.065366,5386.7,5387.2
2025-04-22 22:12:55.424684,5386.6,5387.2
2025-04-22 22:12:55.918317,5386.4,5386.9
2025-04-22 22:12:56.555801,5386.7,5387.2
2025-04-22 22:12:57.582043,5386.8,5387.4
2025-04-22 22:13:00.495253,5386.6,5387.2
2025-04-22 22:13:01.001136,5386.9,5387.4
2025-04-22 22:13:02.210764,5386.7,5387.2
2025-04-22 22:13:02.704960,5386.6,5387.2
2025-04-22 22:13:03.119645,5386.5,5387.0
2025-04-22 22:13:04.347430,5386.6,5387.2
2025-04-22 22:13:04.613173,5386.7,5387.2
2025-04-22 22:13:05.885858,5386.4,5386.9
2025-04-22 22:13:07.808332,5386.3,5386.9
2025-04-22 22:13:08.197321,5386.7,5387.2
2025-04-22 22:13:08.424429,5386.3,5386.9
2025-04-22 22:13:08.653204,5386.5,5387.4
2025-04-22 22:13:09.542097,5386.8,5387.4
2025-04-22 22:13:10.403201,5386.3,5386.9
2025-04-22 22:13:12.406336,5386.4,5386.9
2025-04-22 22:13:12.916932,5386.2,5386.7
2025-04-22 22:13:13.292943,5385.8,5386.4
2025-04-22 22:13:14.702168,5385.9,5386.4
2025-04-22 22:13:15.180706,5386.0,5386.5
2025-04-22 22:13:15.426055,5386.1,5386.7
2025-04-22 22:13:16.509312,5386.0,5386.6
2025-04-22 22:13:18.023598,5386.2,5386.7
2025-04-22 22:13:18.472810,5385.8,5386.4
2025-04-22 22:13:19.723688,5385.8,5386.7
2025-04-22 22:13:19.915137,5386.3,5387.1
2025-04-22 22:13:22.183106,5386.7,5387.2
2025-04-22 22:13:22.289166,5386.3,5386.9
2025-04-22 22:13:23.489934,5386.5,5387.0
2025-04-22 22:13:24.798142,5386.5,5387.1
2025-04-22 22:13:26.023992,5386.0,5386.5
2025-04-22 22:13:27.728464,5385.8,5386.4
2025-04-22 22:13:27.877165,5386.2,5386.7
2025-04-22 22:13:30.029896,5385.4,5385.9
2025-04-22 22:13:30.635534,5385.3,5385.9
2025-04-22 22:13:32.262551,5385.7,5386.2
2025-04-22 22:13:33.252373,5386.2,5386.7
2025-04-22 22:13:33.684119,5386.0,5386.5
2025-04-22 22:13:35.199972,5386.3,5386.9
2025-04-22 22:13:36.210616,5386.0,5386.5
2025-04-22 22:13:39.034843,5386.2,5386.7
2025-04-22 22:13:40.890913,5386.1,5386.7
2025-04-22 22:13:41.963906,5386.5,5387.0
2025-04-22 22:13:42.482818,5386.3,5386.9
2025-04-22 22:13:42.741539,5386.2,5386.7
2025-04-22 22:13:44.130514,5386.5,5387.1
2025-04-22 22:13:47.404509,5386.4,5386.9
2025-04-22 22:13:47.901787,5386.5,5387.0
2025-04-22 22:13:50.566124,5386.7,5387.2
2025-04-22 22:13:51.015608,5386.4,5386.9
2025-04-22 22:13:53.459495,5386.3,5387.2
2025-04-22 22:13:54.054151,5386.7,5387.2
2025-04-22 22:13:55.602401,5386.6,5387.2
2025-04-22 22:13:55.852118,5386.7,5387.2
2025-04-22 22:13:56.869162,5386.3,5387.2
2025-04-22 22:13:57.167188,5386.5,5387.0
2025-04-22 22:13:57.530449,5386.3,5386.9
2025-04-22 22:13:58.120353,5386.3,5387.2
2025-04-22 22:13:59.683125,5386.8,5387.4
2025-04-22 22:14:00.480036,5386.7,5387.2
2025-04-22 22:14:05.773046,5386.1,5387.2
2025-04-22 22:14:07.868667,5386.5,5387.4
2025-04-22 22:14:08.401869,5386.3,5386.9
2025-04-22 22:14:08.913960,5386.9,5387.4
2025-04-22 22:14:09.146721,5387.0,5387.6
2025-04-22 22:14:10.256623,5386.7,5387.2
2025-04-22 22:14:10.756936,5387.0,5387.6
2025-04-22 22:14:11.256661,5386.9,5387.4
2025-04-22 22:14:11.749545,5387.0,5387.6
2025-04-22 22:14:12.250498,5386.7,5387.2
2025-04-22 22:14:15.584365,5387.0,5387.6
2025-04-22 22:14:15.784542,5386.5,5387.1
2025-04-22 22:14:16.800833,5386.3,5387.2
2025-04-22 22:14:17.242574,5386.7,5387.2
2025-04-22 22:14:19.007642,5386.3,5386.9
2025-04-22 22:14:19.396370,5386.5,5387.0
2025-04-22 22:14:22.593613,5386.8,5387.6
2025-04-22 22:14:27.029986,5387.0,5387.6
2025-04-22 22:14:27.538057,5386.9,5387.4
2025-04-22 22:14:27.842247,5387.0,5387.6
2025-04-22 22:14:30.792429,5386.8,5387.4
2025-04-22 22:14:31.674669,5386.7,5387.2
2025-04-22 22:14:33.607163,5386.8,5387.4
2025-04-22 22:14:34.688570,5386.7,5387.2
2025-04-22 22:14:36.377709,5386.8,5387.4
2025-04-22 22:14:37.077729,5386.8,5387.6
2025-04-22 22:14:38.111114,5386.9,5387.4
2025-04-22 22:14:39.550046,5386.6,5387.2
2025-04-22 22:14:40.039551,5386.7,5387.2
2025-04-22 22:14:41.551907,5386.6,5387.2
2025-04-22 22:14:46.238907,5386.5,5387.0
2025-04-22 22:14:48.812149,5387.0,5387.6
2025-04-22 22:14:49.294198,5386.7,5387.2
2025-04-22 22:14:51.288808,5386.8,5387.4
2025-04-22 22:14:51.556845,5386.7,5387.2
2025-04-22 22:14:51.746919,5391.6,5392.2
2025-04-22 22:14:51.852826,5392.4,5392.9
2025-04-22 22:14:52.144804,5392.3,5392.9
2025-04-22 22:14:52.328839,5392.4,5392.9
2025-04-22 22:14:52.566214,5392.3,5392.9
2025-04-22 22:14:52.788645,5392.0,5392.5
2025-04-22 22:14:53.093798,5391.9,5392.4
2025-04-22 22:14:53.351178,5391.4,5391.9
2025-04-22 22:14:53.754821,5390.8,5391.7
2025-04-22 22:14:53.961859,5391.4,5391.9
2025-04-22 22:14:54.400482,5392.0,5392.6
2025-04-22 22:14:54.542821,5391.5,5392.0
2025-04-22 22:14:54.836203,5391.9,5392.4
2025-04-22 22:14:55.186240,5391.3,5392.2
2025-04-22 22:14:55.669153,5391.5,5392.0
2025-04-22 22:14:56.177247,5391.2,5391.7
2025-04-22 22:14:56.620195,5390.8,5391.7
2025-04-22 22:14:56.875666,5391.7,5393.4
2025-04-22 22:14:57.183376,5392.8,5393.6
2025-04-22 22:14:57.804851,5393.0,5393.9
2025-04-22 22:14:57.971589,5392.8,5393.4
2025-04-22 22:14:58.392259,5392.8,5393.9
2025-04-22 22:14:59.074573,5393.2,5393.7
2025-04-22 22:14:59.357146,5392.8,5393.6
2025-04-22 22:14:59.771595,5393.0,5393.5
2025-04-22 22:15:00.531304,5392.7,5393.2
2025-04-22 22:15:00.793195,5392.8,5393.6
2025-04-22 22:15:01.003401,5392.3,5392.9
2025-04-22 22:15:01.238992,5392.5,5393.0
2025-04-22 22:15:01.764056,5392.2,5392.7
2025-04-22 22:15:02.619198,5391.8,5392.7
2025-04-22 22:15:03.078601,5391.8,5392.4
2025-04-22 22:15:03.461223,5392.1,5392.7
2025-04-22 22:15:03.777824,5391.7,5392.2
2025-04-22 22:15:04.010110,5392.0,5392.5
2025-04-22 22:15:04.228143,5391.7,5392.2
2025-04-22 22:15:04.523910,5391.3,5391.9
2025-04-22 22:15:05.150045,5391.4,5391.9
2025-04-22 22:15:05.444147,5391.3,5392.1
2025-04-22 22:15:05.543859,5391.2,5391.7
2025-04-22 22:15:06.122448,5390.8,5391.7
2025-04-22 22:15:06.414316,5391.3,5391.9
2025-04-22 22:15:07.251651,5391.8,5392.4
2025-04-22 22:15:07.581278,5391.8,5392.6
2025-04-22 22:15:08.110144,5391.3,5392.4
2025-04-22 22:15:08.203577,5391.7,5392.2
2025-04-22 22:15:08.615741,5391.6,5392.2
2025-04-22 22:15:09.257829,5391.8,5392.4
2025-04-22 22:15:09.479432,5392.0,5392.6
2025-04-22 22:15:10.388315,5391.5,5392.6
2025-04-22 22:15:10.911128,5392.0,5392.5
2025-04-22 22:15:11.191551,5392.1,5392.9
2025-04-22 22:15:11.797333,5392.3,5392.9
2025-04-22 22:15:12.272662,5392.1,5392.9
2025-04-22 22:15:12.578566,5392.2,5392.7
2025-04-22 22:15:12.831329,5392.0,5392.9
2025-04-22 22:15:13.087741,5391.8,5392.4
2025-04-22 22:15:13.292896,5392.0,5392.5
2025-04-22 22:15:13.585953,5391.7,5392.2
2025-04-22 22:15:14.579818,5391.5,5392.0
2025-04-22 22:15:15.674478,5390.7,5391.2
2025-04-22 22:15:16.433849,5390.8,5391.4
2025-04-22 22:15:16.657427,5390.5,5391.0
2025-04-22 22:15:17.126128,5390.8,5391.4
2025-04-22 22:15:17.655920,5390.5,5391.1
2025-04-22 22:15:18.070064,5390.3,5391.4
2025-04-22 22:15:18.407321,5390.9,5391.4
2025-04-22 22:15:19.395456,5391.0,5391.9
2025-04-22 22:15:19.630950,5391.5,5392.0
2025-04-22 22:15:19.931403,5392.0,5392.5
2025-04-22 22:15:20.258954,5392.0,5392.6
2025-04-22 22:15:20.572329,5392.2,5392.7
2025-04-22 22:15:20.869879,5392.0,5392.6
2025-04-22 22:15:21.584127,5391.1,5392.4
2025-04-22 22:15:21.952198,5391.2,5391.7
2025-04-22 22:15:22.299228,5391.6,5392.2
2025-04-22 22:15:22.698809,5391.7,5392.2
2025-04-22 22:15:23.451008,5392.0,5392.5
2025-04-22 22:15:23.654987,5392.1,5392.7
2025-04-22 22:15:23.965360,5391.7,5392.2
2025-04-22 22:15:24.651699,5390.9,5391.4
2025-04-22 22:15:25.410467,5390.4,5390.9
2025-04-22 22:15:25.649758,5390.5,5391.0
2025-04-22 22:15:25.951388,5390.4,5390.9
2025-04-22 22:15:26.840263,5390.0,5390.5
2025-04-22 22:15:27.078395,5389.9,5390.4
2025-04-22 22:15:28.628788,5390.0,5390.5
2025-04-22 22:15:29.065431,5390.2,5390.7
2025-04-22 22:15:30.453764,5390.5,5391.0
2025-04-22 22:15:30.766380,5390.7,5391.2
2025-04-22 22:15:31.267041,5390.8,5391.4
2025-04-22 22:15:31.828886,5390.5,5391.1
2025-04-22 22:15:32.084402,5390.1,5390.7
2025-04-22 22:15:32.571153,5390.2,5390.7
2025-04-22 22:15:33.663258,5390.3,5391.9
2025-04-22 22:15:33.815600,5391.1,5391.9
2025-04-22 22:15:34.653929,5391.2,5391.7
2025-04-22 22:15:34.934860,5391.3,5391.9
2025-04-22 22:15:35.835302,5391.3,5392.1
2025-04-22 22:15:36.155021,5391.1,5391.7
2025-04-22 22:15:37.248188,5391.2,5391.7
2025-04-22 22:15:38.852159,5391.3,5391.9
2025-04-22 22:15:39.927548,5391.2,5391.7
2025-04-22 22:15:40.893719,5391.1,5391.7
2025-04-22 22:15:41.101994,5391.2,5391.7
2025-04-22 22:15:41.404424,5392.1,5392.7
2025-04-22 22:15:41.621823,5392.3,5392.9
2025-04-22 22:15:41.903661,5392.2,5392.7
2025-04-22 22:15:42.387084,5392.3,5392.9
2025-04-22 22:15:43.549046,5391.9,5392.4
2025-04-22 22:15:44.129280,5391.8,5392.4
2025-04-22 22:15:44.800842,5391.7,5392.2
2025-04-22 22:15:45.528440,5392.0,5392.6
2025-04-22 22:15:46.149022,5392.2,5392.7
2025-04-22 22:15:46.470367,5392.1,5392.7
2025-04-22 22:15:46.744252,5392.2,5392.7
2025-04-22 22:15:47.255802,5392.1,5392.7
2025-04-22 22:15:47.721815,5392.4,5392.9
2025-04-22 22:15:48.252460,5392.5,5393.1
2025-04-22 22:15:48.804917,5392.4,5392.9
2025-04-22 22:15:49.700484,5392.2,5392.7
2025-04-22 22:15:50.423955,5390.5,5391.0
2025-04-22 22:15:50.689659,5390.9,5391.4
2025-04-22 22:15:50.959196,5390.6,5392.3
2025-04-22 22:15:51.587521,5392.2,5392.7
2025-04-22 22:15:52.026938,5392.0,5392.5
2025-04-22 22:15:53.503053,5391.7,5392.2
2025-04-22 22:15:54.097615,5391.6,5392.4
2025-04-22 22:15:54.718815,5391.7,5392.2
2025-04-22 22:15:57.897669,5391.5,5392.1
2025-04-22 22:15:59.401454,5391.5,5392.0
2025-04-22 22:16:00.777184,5391.3,5392.1
2025-04-22 22:16:02.033468,5391.0,5391.9
2025-04-22 22:16:02.675603,5391.2,5391.7
2025-04-22 22:16:03.184796,5390.6,5391.2
2025-04-22 22:16:03.543598,5390.5,5391.0
2025-04-22 22:16:04.012333,5391.0,5391.6
2025-04-22 22:16:04.595091,5391.5,5392.1
2025-04-22 22:16:04.719494,5390.3,5390.9
2025-04-22 22:16:06.847703,5390.2,5390.7
2025-04-22 22:16:07.344115,5390.6,5391.2
2025-04-22 22:16:07.817860,5390.7,5391.2
2025-04-22 22:16:08.172077,5390.0,5390.6
2025-04-22 22:16:08.814363,5390.0,5390.5
2025-04-22 22:16:09.964487,5390.7,5391.2
2025-04-22 22:16:10.755888,5390.0,5390.5
2025-04-22 22:16:12.348906,5389.7,5390.2
2025-04-22 22:16:12.615345,5389.6,5390.2
2025-04-22 22:16:13.215753,5389.4,5389.9
2025-04-22 22:16:13.333097,5389.3,5389.9
2025-04-22 22:16:13.691624,5389.2,5389.7
2025-04-22 22:16:14.207470,5389.3,5389.9
2025-04-22 22:16:14.562319,5389.2,5389.7
2025-04-22 22:16:15.570090,5388.7,5389.2
2025-04-22 22:16:16.200945,5388.8,5389.4
2025-04-22 22:16:17.206552,5389.1,5389.9
2025-04-22 22:16:17.415390,5389.6,5390.2
2025-04-22 22:16:17.660994,5389.5,5390.0
2025-04-22 22:16:17.820366,5389.0,5389.6
2025-04-22 22:16:18.156153,5388.9,5389.4
2025-04-22 22:16:19.032561,5389.0,5389.5
2025-04-22 22:16:19.254744,5389.0,5390.1
2025-04-22 22:16:20.365251,5388.9,5389.4
2025-04-22 22:16:21.666409,5389.1,5389.7
2025-04-22 22:16:22.534894,5389.5,5390.1
2025-04-22 22:16:23.102652,5389.4,5389.9
2025-04-22 22:16:23.321032,5389.3,5389.9
2025-04-22 22:16:24.964119,5389.4,5389.9
2025-04-22 22:16:25.874153,5389.7,5390.2
2025-04-22 22:16:27.130766,5390.0,5390.6
2025-04-22 22:16:27.385273,5390.2,5390.7
2025-04-22 22:16:28.299646,5390.3,5390.9
2025-04-22 22:16:29.219871,5390.2,5390.7
2025-04-22 22:16:30.979535,5390.1,5390.7
2025-04-22 22:16:31.460694,5390.2,5390.7
2025-04-22 22:16:32.264930,5390.5,5391.1
2025-04-22 22:16:32.730259,5390.7,5391.2
2025-04-22 22:16:32.948596,5390.3,5390.9
2025-04-22 22:16:34.462260,5390.5,5391.1
2025-04-22 22:16:36.691197,5390.4,5390.9
2025-04-22 22:16:37.290247,5390.2,5390.7
2025-04-22 22:16:37.715663,5390.5,5391.1
2025-04-22 22:16:37.929409,5391.2,5391.7
2025-04-22 22:16:38.175097,5391.8,5392.4
2025-04-22 22:16:38.374358,5391.7,5392.2
2025-04-22 22:16:39.012880,5391.8,5392.4
2025-04-22 22:16:39.732260,5392.2,5392.7
2025-04-22 22:16:41.217543,5392.5,5393.0
2025-04-22 22:16:41.520654,5392.9,5393.4
2025-04-22 22:16:41.862014,5393.2,5393.7
2025-04-22 22:16:42.700681,5392.9,5393.4
2025-04-22 22:16:42.938379,5392.5,5393.0
2025-04-22 22:16:43.345539,5392.8,5393.4
2025-04-22 22:16:44.298341,5393.0,5393.5
2025-04-22 22:16:44.703160,5392.9,5393.4
2025-04-22 22:16:46.149992,5392.8,5393.4
2025-04-22 22:16:46.973337,5392.5,5393.1
2025-04-22 22:16:47.308421,5391.9,5392.4
2025-04-22 22:16:47.564734,5392.2,5392.7
2025-04-22 22:16:48.058171,5392.0,5392.6
2025-04-22 22:16:48.489429,5391.7,5392.2
2025-04-22 22:16:49.732843,5391.3,5392.2
2025-04-22 22:16:51.027084,5391.7,5392.2
2025-04-22 22:16:51.851841,5391.8,5392.4
2025-04-22 22:16:53.700570,5391.3,5391.9
2025-04-22 22:16:55.039416,5391.7,5392.2
2025-04-22 22:16:55.900684,5391.3,5391.9
2025-04-22 22:16:56.952688,5390.8,5391.7
2025-04-22 22:16:57.638913,5391.0,5391.5
2025-04-22 22:16:58.401839,5391.1,5391.7
2025-04-22 22:16:59.409880,5391.0,5391.5
2025-04-22 22:17:00.344258,5391.0,5391.6
2025-04-22 22:17:00.747190,5390.6,5391.4
2025-04-22 22:17:00.953765,5390.5,5391.1
2025-04-22 22:17:01.223624,5390.8,5391.4
2025-04-22 22:17:02.132718,5390.8,5391.6
2025-04-22 22:17:02.872758,5391.3,5391.9
2025-04-22 22:17:03.333459,5391.4,5391.9
2025-04-22 22:17:08.166157,5391.3,5391.9
2025-04-22 22:17:12.155645,5391.4,5391.9
2025-04-22 22:17:13.193577,5390.8,5391.7
2025-04-22 22:17:14.963860,5391.0,5391.5
2025-04-22 22:17:16.427054,5391.1,5391.7
2025-04-22 22:17:16.670036,5390.0,5390.6
2025-04-22 22:17:16.954430,5389.9,5390.4
2025-04-22 22:17:17.542705,5389.3,5390.1
2025-04-22 22:17:18.051395,5389.3,5389.9
2025-04-22 22:17:18.243047,5389.3,5390.1
2025-04-22 22:17:18.754551,5389.1,5389.7
2025-04-22 22:17:19.377628,5389.7,5390.2
2025-04-22 22:17:20.740251,5389.1,5389.7
2025-04-22 22:17:21.231704,5389.2,5389.7
2025-04-22 22:17:22.572040,5389.7,5390.2
2025-04-22 22:17:23.136323,5389.8,5390.4
2025-04-22 22:17:24.238546,5390.0,5390.6
2025-04-22 22:17:24.607170,5389.2,5389.7
2025-04-22 22:17:25.807192,5389.0,5389.5
2025-04-22 22:17:26.043786,5388.5,5389.1
2025-04-22 22:17:26.355174,5388.8,5389.6
2025-04-22 22:17:26.623290,5388.8,5389.4
2025-04-22 22:17:26.960190,5388.5,5389.0
2025-04-22 22:17:27.303848,5388.6,5389.2
2025-04-22 22:17:27.501895,5389.0,5389.6
2025-04-22 22:17:28.099609,5388.3,5389.2
2025-04-22 22:17:28.710976,5388.5,5389.0
2025-04-22 22:17:29.683335,5388.5,5389.1
2025-04-22 22:17:29.966429,5388.1,5388.7
2025-04-22 22:17:30.289311,5387.7,5388.2
2025-04-22 22:17:30.728493,5388.0,5388.5
2025-04-22 22:17:31.080374,5387.5,5388.0
2025-04-22 22:17:31.415996,5387.9,5388.4
2025-04-22 22:17:31.762043,5387.8,5388.4
2025-04-22 22:17:32.077350,5387.9,5388.4
2025-04-22 22:17:32.574916,5387.5,5388.0
2025-04-22 22:17:33.563984,5387.3,5387.9
2025-04-22 22:17:34.084924,5387.7,5388.2
2025-04-22 22:17:35.461650,5387.8,5388.4
2025-04-22 22:17:35.901219,5387.7,5388.2
2025-04-22 22:17:36.318308,5387.5,5388.0
2025-04-22 22:17:37.921650,5387.2,5387.7
2025-04-22 22:17:38.130294,5386.8,5387.4
2025-04-22 22:17:39.141131,5387.0,5387.5
2025-04-22 22:17:39.916378,5387.7,5388.2
2025-04-22 22:17:40.300396,5388.2,5388.7
2025-04-22 22:17:41.041438,5388.5,5389.1
2025-04-22 22:17:41.776086,5388.8,5389.7
2025-04-22 22:17:41.988481,5389.4,5389.9
2025-04-22 22:17:42.388218,5389.5,5390.1
2025-04-22 22:17:42.725530,5389.2,5389.7
2025-04-22 22:17:43.832987,5389.1,5389.7
2025-04-22 22:17:44.212484,5389.5,5390.1
2025-04-22 22:17:44.997583,5389.7,5390.2
2025-04-22 22:17:45.533476,5389.6,5390.2
2025-04-22 22:17:47.187127,5389.5,5390.0
2025-04-22 22:17:47.425765,5389.6,5390.2
2025-04-22 22:17:48.473103,5389.9,5390.4
2025-04-22 22:17:49.816643,5389.3,5389.9
2025-04-22 22:17:50.655018,5389.3,5390.1
2025-04-22 22:17:51.376131,5389.2,5389.7
2025-04-22 22:17:51.792683,5388.8,5389.6
2025-04-22 22:17:52.016184,5388.8,5389.4
2025-04-22 22:17:55.075053,5388.4,5388.9
2025-04-22 22:17:56.002040,5388.0,5388.6
2025-04-22 22:17:56.454600,5387.7,5388.2
2025-04-22 22:17:57.546114,5388.0,5388.6
2025-04-22 22:17:58.016234,5389.3,5389.9
2025-04-22 22:17:58.669275,5389.4,5389.9
2025-04-22 22:17:59.328907,5389.2,5389.7
2025-04-22 22:17:59.595552,5389.7,5390.2
2025-04-22 22:18:00.120698,5389.2,5389.7
2025-04-22 22:18:01.009930,5388.8,5389.4
2025-04-22 22:18:01.439401,5389.0,5389.5
2025-04-22 22:18:01.677412,5389.1,5389.7
2025-04-22 22:18:02.911913,5390.2,5390.7
2025-04-22 22:18:03.736747,5390.5,5391.0
2025-04-22 22:18:04.017254,5390.5,5391.1
2025-04-22 22:18:04.911632,5390.7,5391.2
2025-04-22 22:18:05.599000,5390.9,5391.4
2025-04-22 22:18:06.105139,5390.6,5391.2
2025-04-22 22:18:06.362499,5390.7,5391.2
2025-04-22 22:18:06.569372,5391.0,5391.6
2025-04-22 22:18:07.098295,5391.1,5391.7
2025-04-22 22:18:08.117680,5391.2,5391.7
2025-04-22 22:18:08.329122,5391.3,5391.9
2025-04-22 22:18:09.374234,5390.8,5391.7
2025-04-22 22:18:09.626918,5391.2,5391.7
2025-04-22 22:18:09.954094,5391.0,5391.6
2025-04-22 22:18:10.733102,5390.9,5391.4
2025-04-22 22:18:10.957680,5390.3,5390.9
2025-04-22 22:18:11.942226,5390.7,5391.2
2025-04-22 22:18:13.054422,5390.6,5391.2
2025-04-22 22:18:13.816598,5391.0,5391.6
2025-04-22 22:18:15.569814,5392.0,5392.6
2025-04-22 22:18:16.513186,5392.2,5392.7
2025-04-22 22:18:17.143100,5391.8,5392.4
2025-04-22 22:18:21.073740,5391.7,5392.2
2025-04-22 22:18:21.754416,5391.2,5391.7
2025-04-22 22:18:23.961997,5391.0,5391.6
2025-04-22 22:18:24.283985,5391.2,5391.7
2025-04-22 22:18:26.805287,5391.1,5391.7
2025-04-22 22:18:27.359804,5391.0,5391.5
2025-04-22 22:18:29.603675,5391.3,5391.9
2025-04-22 22:18:30.502862,5391.9,5392.4
2025-04-22 22:18:32.587161,5391.6,5392.2
2025-04-22 22:18:33.316532,5391.7,5392.2
2025-04-22 22:18:34.946459,5391.6,5392.2
2025-04-22 22:18:35.487632,5391.3,5392.2
2025-04-22 22:18:40.055490,5391.5,5392.0
2025-04-22 22:18:44.513190,5391.5,5392.1
2025-04-22 22:18:47.060994,5391.8,5392.4
2025-04-22 22:18:49.148972,5391.9,5392.4
2025-04-22 22:18:49.329435,5391.8,5392.4
2025-04-22 22:18:51.247436,5392.0,5392.5
2025-04-22 22:18:53.602325,5391.9,5392.4
2025-04-22 22:18:53.881793,5392.6,5393.1
2025-04-22 22:18:54.570993,5392.5,5393.0
2025-04-22 22:18:55.078205,5392.7,5393.2
2025-04-22 22:18:55.485472,5392.8,5393.4
2025-04-22 22:18:56.126270,5392.7,5393.2
2025-04-22 22:18:56.631277,5392.9,5393.4
2025-04-22 22:18:56.674291,5392.8,5393.4
2025-04-22 22:18:57.129370,5392.7,5393.2
2025-04-22 22:18:59.413300,5393.2,5393.7
2025-04-22 22:18:59.879580,5392.8,5393.4
2025-04-22 22:19:00.116637,5392.9,5393.4
2025-04-22 22:19:01.660095,5392.8,5393.4
2025-04-22 22:19:03.030823,5392.7,5393.2
2025-04-22 22:19:04.039593,5392.8,5393.4
2025-04-22 22:19:04.814456,5393.0,5393.5
2025-04-22 22:19:05.274867,5393.0,5393.6
2025-04-22 22:19:06.045066,5392.8,5393.4
2025-04-22 22:19:06.440665,5392.2,5392.7
2025-04-22 22:19:06.666060,5392.5,5393.1
2025-04-22 22:19:06.889960,5392.6,5393.2
2025-04-22 22:19:07.905098,5392.8,5393.4
2025-04-22 22:19:09.065711,5392.9,5393.4
2025-04-22 22:19:11.582124,5392.5,5393.1
2025-04-22 22:19:12.661660,5392.4,5392.9
2025-04-22 22:19:13.867988,5392.5,5393.0
2025-04-22 22:19:15.432716,5392.3,5392.9
2025-04-22 22:19:16.930890,5392.5,5393.1
2025-04-22 22:19:17.948781,5392.5,5393.0
2025-04-22 22:19:18.504326,5392.3,5392.9
2025-04-22 22:19:22.744640,5392.5,5393.0
2025-04-22 22:19:23.723358,5392.2,5392.7
2025-04-22 22:19:24.192580,5392.0,5392.5
2025-04-22 22:19:26.435777,5391.9,5392.4
2025-04-22 22:19:26.956380,5391.8,5392.4
2025-04-22 22:19:27.392176,5391.7,5392.2
2025-04-22 22:19:27.947950,5391.6,5392.2
2025-04-22 22:19:28.336153,5391.5,5392.0
2025-04-22 22:19:29.597674,5391.3,5391.9
2025-04-22 22:19:30.022736,5391.2,5391.7
2025-04-22 22:19:31.567399,5391.7,5392.2
2025-04-22 22:19:37.848238,5391.3,5391.9
2025-04-22 22:19:38.439103,5391.2,5391.7
2025-04-22 22:19:39.885669,5390.9,5391.4
2025-04-22 22:19:41.427596,5390.8,5391.4
2025-04-22 22:19:42.617329,5390.7,5391.2
2025-04-22 22:19:43.060889,5390.8,5391.4
2025-04-22 22:19:44.949195,5390.2,5390.7
2025-04-22 22:19:46.189218,5390.7,5391.2
2025-04-22 22:19:48.350953,5390.5,5391.1
2025-04-22 22:19:49.218591,5390.2,5390.7
2025-04-22 22:19:51.289021,5390.3,5390.9
2025-04-22 22:19:51.983352,5390.4,5390.9
2025-04-22 22:19:54.263022,5390.3,5390.9
2025-04-22 22:19:54.564657,5390.9,5391.4
2025-04-22 22:19:54.858958,5391.0,5391.5
2025-04-22 22:19:55.714898,5390.9,5391.4
2025-04-22 22:19:56.114948,5391.0,5391.6
2025-04-22 22:19:57.070389,5391.2,5391.7
2025-04-22 22:20:03.881983,5390.6,5391.2
2025-04-22 22:20:04.987874,5390.0,5390.6
2025-04-22 22:20:05.224254,5389.7,5390.2
2025-04-22 22:20:06.298350,5389.3,5389.9
2025-04-22 22:20:07.274681,5389.0,5389.9
2025-04-22 22:20:07.552022,5389.5,5390.1
2025-04-22 22:20:08.271646,5389.4,5389.9
2025-04-22 22:20:08.663310,5389.7,5390.2
2025-04-22 22:20:08.939499,5389.1,5389.6
2025-04-22 22:20:09.325192,5388.7,5389.2
2025-04-22 22:20:11.329597,5389.0,5389.6
2025-04-22 22:20:11.614426,5388.8,5389.4
2025-04-22 22:20:11.980600,5389.2,5389.7
2025-04-22 22:20:12.299054,5389.0,5389.6
2025-04-22 22:20:12.631347,5389.2,5389.7
2025-04-22 22:20:13.926121,5389.3,5390.1
2025-04-22 22:20:14.904938,5389.5,5390.4
2025-04-22 22:20:15.352280,5389.8,5390.4
2025-04-22 22:20:16.698312,5388.8,5389.4
2025-04-22 22:20:17.204618,5389.3,5389.9
2025-04-22 22:20:17.560507,5389.2,5389.7
2025-04-22 22:20:18.587287,5388.7,5389.2
2025-04-22 22:20:19.495562,5388.8,5389.4
2025-04-22 22:20:19.972987,5388.7,5389.2
2025-04-22 22:20:22.821924,5389.4,5389.9
2025-04-22 22:20:23.327258,5389.7,5390.2
2025-04-22 22:20:23.877723,5389.3,5389.9
2025-04-22 22:20:24.508802,5389.8,5390.4
2025-04-22 22:20:25.047306,5390.3,5390.9
2025-04-22 22:20:25.994002,5390.0,5390.5
2025-04-22 22:20:26.283195,5389.8,5390.4
2025-04-22 22:20:27.126318,5389.9,5390.4
2025-04-22 22:20:28.391945,5390.2,5390.7
2025-04-22 22:20:28.995338,5390.0,5390.6
2025-04-22 22:20:30.153613,5390.0,5390.5
2025-04-22 22:20:30.432260,5390.4,5390.9
2025-04-22 22:20:30.695478,5390.3,5390.9
2025-04-22 22:20:31.683075,5390.0,5390.5
2025-04-22 22:20:31.966159,5390.0,5390.6
2025-04-22 22:20:39.769124,5389.9,5390.4
2025-04-22 22:20:40.629977,5389.7,5390.2
2025-04-22 22:20:40.924509,5389.5,5390.1
2025-04-22 22:20:41.424288,5389.5,5390.0
2025-04-22 22:20:43.529417,5389.5,5390.1
2025-04-22 22:20:44.540087,5389.9,5390.4
2025-04-22 22:20:46.396638,5389.8,5390.4
2025-04-22 22:20:48.956667,5390.1,5390.7
2025-04-22 22:20:49.155066,5389.5,5390.1
2025-04-22 22:20:49.378231,5389.4,5389.9
2025-04-22 22:20:49.578829,5389.3,5389.9
2025-04-22 22:20:49.837353,5389.5,5390.0
2025-04-22 22:20:51.253309,5389.3,5389.9
2025-04-22 22:20:51.917480,5389.2,5389.7
2025-04-22 22:20:52.150757,5389.3,5389.9
2025-04-22 22:20:53.620478,5389.0,5389.5
2025-04-22 22:20:53.869784,5389.0,5389.6
2025-04-22 22:20:54.482003,5388.6,5389.2
2025-04-22 22:20:55.036183,5388.3,5388.9
2025-04-22 22:20:55.695996,5388.2,5388.7
2025-04-22 22:20:55.976677,5387.9,5388.4
2025-04-22 22:20:57.932074,5387.8,5388.4
2025-04-22 22:20:58.162559,5387.4,5387.9
2025-04-22 22:20:58.890928,5387.1,5387.9
2025-04-22 22:20:59.414219,5387.4,5387.9
2025-04-22 22:20:59.991418,5387.3,5387.9
2025-04-22 22:21:00.784516,5387.1,5387.7
2025-04-22 22:21:02.196208,5387.3,5387.9
2025-04-22 22:21:02.830073,5387.4,5387.9
2025-04-22 22:21:03.176563,5387.5,5388.1
2025-04-22 22:21:04.353044,5387.2,5387.7
2025-04-22 22:21:05.299413,5387.5,5388.1
2025-04-22 22:21:06.166190,5387.2,5387.7
2025-04-22 22:21:06.440841,5387.3,5387.9
2025-04-22 22:21:06.649544,5387.0,5387.5
2025-04-22 22:21:06.953793,5387.1,5387.7
2025-04-22 22:21:07.633001,5387.3,5387.9
2025-04-22 22:21:08.206697,5386.5,5387.0
2025-04-22 22:21:08.750200,5386.8,5387.4
2025-04-22 22:21:09.535450,5387.2,5387.7
2025-04-22 22:21:10.815288,5386.8,5387.4
2025-04-22 22:21:12.167294,5386.7,5387.2
2025-04-22 22:21:13.648975,5386.6,5387.2
2025-04-22 22:21:14.004041,5386.3,5387.4
2025-04-22 22:21:14.810065,5386.7,5387.2
2025-04-22 22:21:15.805437,5386.6,5387.2
2025-04-22 22:21:16.593048,5386.5,5387.4
2025-04-22 22:21:16.797488,5386.7,5387.2
2025-04-22 22:21:17.034351,5386.6,5387.2
2025-04-22 22:21:17.693492,5386.8,5387.4
2025-04-22 22:21:18.483514,5387.3,5387.9
2025-04-22 22:21:19.210672,5387.0,5387.5
2025-04-22 22:21:20.699013,5387.2,5387.7
2025-04-22 22:21:23.447308,5387.5,5388.1
2025-04-22 22:21:24.060771,5387.9,5388.4
2025-04-22 22:21:24.433236,5387.7,5388.2
2025-04-22 22:21:25.215779,5387.8,5388.4
2025-04-22 22:21:25.515610,5387.5,5388.0
2025-04-22 22:21:34.671733,5387.5,5388.1
2025-04-22 22:21:36.000608,5387.4,5387.9
2025-04-22 22:21:37.938884,5387.1,5387.7
2025-04-22 22:21:38.646122,5387.3,5387.9
2025-04-22 22:21:40.344606,5387.4,5387.9
2025-04-22 22:21:41.598731,5387.5,5388.1
2025-04-22 22:21:41.895586,5387.3,5387.9
2025-04-22 22:21:42.246948,5387.5,5388.0
2025-04-22 22:21:42.687409,5387.7,5388.2
2025-04-22 22:21:45.912690,5388.0,5388.5
2025-04-22 22:21:46.265413,5388.1,5388.7
2025-04-22 22:21:46.496124,5387.6,5388.2
2025-04-22 22:21:47.784214,5387.7,5388.2
2025-04-22 22:21:48.299294,5387.2,5387.7
2025-04-22 22:21:50.125631,5387.4,5387.9
2025-04-22 22:21:50.423847,5387.7,5388.2
2025-04-22 22:21:50.889164,5387.5,5388.6
2025-04-22 22:21:51.904773,5387.8,5388.4
2025-04-22 22:21:52.331729,5387.6,5388.2
2025-04-22 22:21:52.553891,5387.5,5388.0
2025-04-22 22:21:53.799654,5386.8,5388.1
2025-04-22 22:21:54.005594,5386.9,5387.4
2025-04-22 22:21:54.311535,5386.7,5387.2
2025-04-22 22:21:56.131245,5386.8,5387.4
2025-04-22 22:21:56.515523,5387.2,5387.7
2025-04-22 22:21:57.815297,5387.5,5388.0
2025-04-22 22:21:58.416298,5387.1,5387.9
2025-04-22 22:21:58.966719,5387.2,5387.7
2025-04-22 22:21:59.645898,5387.7,5388.2
2025-04-22 22:21:59.831902,5387.4,5387.9
2025-04-22 22:22:00.833004,5387.5,5388.1
2025-04-22 22:22:01.208127,5387.8,5388.4
2025-04-22 22:22:02.466060,5387.7,5388.2
2025-04-22 22:22:03.279129,5387.2,5387.7
2025-04-22 22:22:03.447846,5387.5,5388.0
2025-04-22 22:22:04.701764,5387.8,5388.4
2025-04-22 22:22:05.413546,5387.7,5388.2
2025-04-22 22:22:07.394707,5387.8,5388.4
2025-04-22 22:22:08.004811,5387.5,5388.0
2025-04-22 22:22:09.707004,5387.8,5388.4
2025-04-22 22:22:09.978176,5387.7,5388.2
2025-04-22 22:22:12.493725,5387.0,5387.5
2025-04-22 22:22:12.773438,5387.9,5388.4
2025-04-22 22:22:14.721577,5386.8,5387.7
2025-04-22 22:22:15.016447,5386.9,5387.4
2025-04-22 22:22:15.549181,5387.0,5387.5
2025-04-22 22:22:16.713754,5387.1,5387.7
2025-04-22 22:22:17.908388,5387.3,5387.9
2025-04-22 22:22:18.543131,5387.6,5388.2
2025-04-22 22:22:19.020154,5388.1,5388.7
2025-04-22 22:22:19.714739,5388.5,5389.0
2025-04-22 22:22:19.982807,5388.7,5389.2
2025-04-22 22:22:20.470943,5388.2,5388.7
2025-04-22 22:22:20.826663,5388.1,5388.7
2025-04-22 22:22:22.219097,5387.5,5388.1
2025-04-22 22:22:24.899617,5387.7,5388.2
2025-04-22 22:22:25.212135,5387.3,5387.9
2025-04-22 22:22:25.431422,5387.2,5387.7
2025-04-22 22:22:26.073293,5387.5,5388.1
2025-04-22 22:22:26.376079,5388.1,5388.7
2025-04-22 22:22:27.033088,5387.8,5388.4
2025-04-22 22:22:27.578222,5387.7,5388.2
2025-04-22 22:22:28.255838,5387.8,5388.4
2025-04-22 22:22:29.987308,5388.6,5389.2
2025-04-22 22:22:31.898601,5388.8,5389.4
2025-04-22 22:22:32.341595,5388.7,5389.2
2025-04-22 22:22:32.689440,5388.5,5389.4
2025-04-22 22:22:32.999385,5388.5,5389.0
2025-04-22 22:22:33.440169,5388.2,5388.7
2025-04-22 22:22:34.008235,5388.0,5388.6
2025-04-22 22:22:34.563861,5388.2,5388.7
2025-04-22 22:22:34.844849,5388.3,5388.9
2025-04-22 22:22:35.437065,5387.7,5388.2
2025-04-22 22:22:37.130228,5388.3,5388.9
2025-04-22 22:22:42.836586,5388.6,5389.1
2025-04-22 22:22:43.724885,5388.7,5389.2
2025-04-22 22:22:44.009168,5388.8,5389.4
2025-04-22 22:22:46.110612,5389.0,5389.5
2025-04-22 22:22:48.848076,5388.2,5388.7
2025-04-22 22:22:50.220217,5388.8,5389.4
2025-04-22 22:22:52.020802,5389.0,5389.6
2025-04-22 22:22:52.683086,5388.9,5389.4
2025-04-22 22:22:53.118899,5388.8,5389.4
2025-04-22 22:22:53.995808,5388.0,5388.5
2025-04-22 22:22:54.295092,5388.5,5389.1
2025-04-22 22:22:55.200366,5389.1,5389.7
2025-04-22 22:22:55.702944,5389.7,5390.2
2025-04-22 22:22:55.852032,5389.6,5390.2
2025-04-22 22:22:56.072593,5390.3,5390.9
2025-04-22 22:22:56.701133,5389.9,5390.4
2025-04-22 22:22:57.331254,5390.3,5390.9
2025-04-22 22:22:58.726789,5390.7,5391.2
2025-04-22 22:22:59.849607,5390.6,5391.2
2025-04-22 22:23:00.098322,5391.0,5391.6
2025-04-22 22:23:00.879712,5391.1,5391.7
2025-04-22 22:23:00.992238,5391.4,5391.9
2025-04-22 22:23:01.678093,5391.0,5391.6
2025-04-22 22:23:02.259816,5391.4,5391.9
2025-04-22 22:23:02.665376,5391.3,5391.9
2025-04-22 22:23:03.785871,5391.4,5391.9
2025-04-22 22:23:04.324803,5391.3,5391.9
2025-04-22 22:23:04.622861,5391.1,5391.7
2025-04-22 22:23:05.076748,5391.2,5391.7
2025-04-22 22:23:05.288643,5391.3,5391.9
2025-04-22 22:23:05.479677,5391.5,5392.1
2025-04-22 22:23:06.169223,5391.2,5391.7
2025-04-22 22:23:06.548579,5391.3,5391.9
2025-04-22 22:23:07.928016,5391.0,5391.5
2025-04-22 22:23:09.702292,5390.8,5391.4
2025-04-22 22:23:10.238333,5391.2,5391.7
2025-04-22 22:23:11.443407,5391.1,5391.7
2025-04-22 22:23:12.559713,5391.3,5391.9
2025-04-22 22:23:15.372398,5391.2,5391.7
2025-04-22 22:23:15.799045,5391.1,5391.7
2025-04-22 22:23:16.490702,5391.7,5392.2
2025-04-22 22:23:20.926384,5391.1,5391.9
2025-04-22 22:23:22.223844,5392.4,5392.9
2025-04-22 22:23:23.331114,5392.6,5393.2
2025-04-22 22:23:23.721347,5392.8,5393.4
2025-04-22 22:23:24.478416,5392.6,5393.2
2025-04-22 22:23:24.998332,5392.8,5393.4
2025-04-22 22:23:25.394233,5392.7,5393.2
2025-04-22 22:23:26.432156,5392.8,5393.4
2025-04-22 22:23:27.403203,5393.0,5393.6
2025-04-22 22:23:28.153798,5392.7,5393.2
2025-04-22 22:23:30.087130,5392.8,5393.4
2025-04-22 22:23:30.527026,5392.9,5393.4
2025-04-22 22:23:31.280490,5392.8,5393.7
2025-04-22 22:23:32.124968,5393.2,5393.7
2025-04-22 22:23:33.434282,5393.1,5393.7
2025-04-22 22:23:34.194021,5392.8,5393.4
2025-04-22 22:23:34.400342,5393.2,5393.7
2025-04-22 22:23:34.716441,5393.3,5393.9
2025-04-22 22:23:36.980796,5393.0,5393.6
2025-04-22 22:23:37.721961,5393.0,5393.5
2025-04-22 22:23:38.103053,5393.3,5393.9
2025-04-22 22:23:39.706344,5393.5,5394.0
2025-04-22 22:23:39.948831,5393.5,5394.1
2025-04-22 22:23:40.148246,5393.2,5393.7
2025-04-22 22:23:40.448567,5393.5,5394.0
2025-04-22 22:23:40.632494,5393.7,5394.2
2025-04-22 22:23:40.884001,5394.5,5395.1
