timestamp,bid,ask
2025-04-22 11:51:22.619118,140.185,140.196
2025-04-22 11:51:23.161648,140.187,140.198
2025-04-22 11:51:24.286843,140.186,140.197
2025-04-22 11:51:24.972755,140.187,140.198
2025-04-22 11:51:25.475759,140.191,140.202
2025-04-22 11:51:28.425318,140.19,140.201
2025-04-22 11:51:29.953613,140.191,140.202
2025-04-22 11:51:30.675075,140.192,140.203
2025-04-22 11:51:31.173799,140.191,140.202
2025-04-22 11:51:32.050507,140.192,140.203
2025-04-22 11:51:33.772340,140.197,140.208
2025-04-22 11:51:34.272163,140.198,140.209
2025-04-22 11:51:35.785168,140.2,140.211
2025-04-22 11:51:36.486517,140.199,140.21
2025-04-22 11:51:37.103409,140.2,140.211
2025-04-22 11:51:37.485370,140.201,140.212
2025-04-22 11:51:39.376012,140.2,140.211
2025-04-22 11:51:40.397927,140.201,140.212
2025-04-22 11:51:42.144082,140.199,140.21
2025-04-22 11:51:43.016195,140.19,140.201
2025-04-22 11:51:43.514317,140.189,140.2
2025-04-22 11:51:45.525193,140.186,140.197
2025-04-22 11:51:47.771886,140.187,140.198
2025-04-22 11:51:48.530722,140.188,140.199
2025-04-22 11:51:49.507658,140.187,140.198
2025-04-22 11:51:50.148483,140.188,140.199
2025-04-22 11:51:51.835289,140.189,140.2
2025-04-22 11:51:54.766502,140.19,140.201
2025-04-22 11:51:55.310353,140.192,140.203
2025-04-22 11:51:58.159421,140.196,140.207
2025-04-22 11:51:58.581382,140.198,140.209
2025-04-22 11:51:58.875913,140.197,140.208
2025-04-22 11:52:00.595080,140.196,140.207
2025-04-22 11:52:01.446045,140.189,140.2
2025-04-22 11:52:01.950804,140.188,140.199
2025-04-22 11:52:02.815818,140.187,140.198
2025-04-22 11:52:03.282973,140.186,140.197
2025-04-22 11:52:06.101609,140.185,140.196
2025-04-22 11:52:06.803546,140.184,140.195
2025-04-22 11:52:07.882116,140.183,140.194
2025-04-22 11:52:09.850516,140.187,140.198
2025-04-22 11:52:10.132498,140.188,140.199
2025-04-22 11:52:13.702053,140.187,140.198
2025-04-22 11:52:15.647276,140.183,140.194
2025-04-22 11:52:23.009857,140.182,140.193
2025-04-22 11:52:23.937129,140.183,140.194
2025-04-22 12:15:45.997702,140.324,140.335
2025-04-22 12:15:48.593126,140.323,140.334
2025-04-22 12:15:49.883998,140.325,140.336
2025-04-22 12:15:50.117157,140.327,140.338
2025-04-22 12:15:50.628440,140.328,140.339
2025-04-22 12:15:51.816973,140.329,140.34
2025-04-22 12:15:52.703607,140.323,140.334
2025-04-22 12:15:54.187097,140.324,140.335
2025-04-22 12:15:54.400492,140.326,140.337
2025-04-22 12:15:55.306527,140.325,140.336
2025-04-22 12:15:55.516590,140.326,140.337
2025-04-22 12:15:56.679696,140.327,140.338
2025-04-22 12:15:58.589536,140.322,140.333
2025-04-22 12:15:59.401493,140.324,140.335
2025-04-22 12:16:00.227923,140.323,140.334
2025-04-22 12:16:01.780351,140.324,140.335
2025-04-22 12:16:02.187883,140.323,140.334
2025-04-22 20:42:25.604705,141.598,141.612
2025-04-22 20:55:22.390320,141.615,141.63
2025-04-22 20:55:30.161918,141.617,141.631
2025-04-22 20:55:56.468209,141.615,141.63
2025-04-22 20:55:57.012303,141.612,141.628
2025-04-22 20:55:59.021734,141.613,141.628
2025-04-22 20:56:00.108072,141.613,141.629
2025-04-22 20:56:02.345916,141.615,141.63
2025-04-22 20:56:05.743684,141.614,141.63
2025-04-22 20:56:06.246678,141.615,141.63
2025-04-22 20:56:06.753591,141.614,141.63
2025-04-22 20:56:08.250598,141.615,141.63
2025-04-22 20:56:10.244670,141.614,141.63
2025-04-22 20:56:10.741850,141.614,141.631
2025-04-22 20:56:15.251106,141.615,141.631
2025-04-22 20:56:21.728206,141.614,141.631
2025-04-22 20:56:35.808765,141.616,141.631
2025-04-22 20:56:43.958923,141.625,141.64
2025-04-22 20:56:57.782281,141.624,141.639
2025-04-22 20:56:58.636061,141.625,141.64
2025-04-22 20:57:02.449517,141.624,141.639
2025-04-22 20:57:08.138453,141.625,141.64
2025-04-22 20:57:09.149925,141.624,141.639
2025-04-22 20:57:19.172780,141.625,141.64
2025-04-22 20:57:24.451326,141.624,141.641
2025-04-22 20:57:25.738682,141.627,141.642
2025-04-22 20:57:31.446313,141.627,141.644
2025-04-22 20:57:34.039274,141.612,141.628
2025-04-22 20:57:36.740044,141.615,141.63
2025-04-22 20:57:44.805359,141.614,141.629
2025-04-22 20:57:49.229644,141.614,141.631
2025-04-22 20:57:53.604078,141.616,141.631
2025-04-22 20:58:00.013446,141.615,141.63
2025-04-22 20:58:00.851812,141.605,141.622
2025-04-22 20:58:01.539419,141.605,141.621
2025-04-22 20:58:02.474073,141.605,141.622
2025-04-22 20:58:03.470971,141.605,141.621
2025-04-22 20:58:09.826665,141.605,141.626
2025-04-22 20:58:10.332823,141.605,141.627
2025-04-22 20:58:10.442818,141.605,141.626
2025-04-22 20:58:14.472893,141.605,141.627
2025-04-22 20:58:14.978640,141.605,141.625
2025-04-22 20:58:16.275222,141.604,141.627
2025-04-22 20:58:18.238926,141.604,141.626
2025-04-22 20:58:19.093657,141.604,141.627
2025-04-22 20:58:21.216785,141.604,141.625
2025-04-22 20:58:22.319522,141.596,141.621
2025-04-22 20:58:22.480393,141.596,141.62
2025-04-22 20:58:22.807730,141.596,141.622
2025-04-22 20:58:24.530227,141.596,141.621
2025-04-22 20:58:29.599896,141.596,141.62
2025-04-22 20:58:31.098373,141.595,141.618
2025-04-22 20:58:36.746020,141.593,141.617
2025-04-22 20:58:39.679082,141.593,141.618
2025-04-22 20:58:40.688496,141.593,141.617
2025-04-22 20:58:42.689330,141.589,141.615
2025-04-22 20:58:43.760079,141.585,141.611
2025-04-22 20:58:44.259646,141.586,141.612
2025-04-22 20:58:45.264818,141.586,141.613
2025-04-22 20:58:46.723660,141.585,141.611
2025-04-22 20:58:48.209920,141.586,141.613
2025-04-22 20:58:50.452180,141.586,141.614
2025-04-22 20:58:59.499038,141.587,141.614
2025-04-22 20:59:00.059584,141.586,141.613
2025-04-22 20:59:00.859624,141.586,141.614
2025-04-22 20:59:01.854072,141.586,141.613
2025-04-22 20:59:02.879417,141.586,141.611
2025-04-22 20:59:07.185869,141.586,141.614
2025-04-22 20:59:07.683535,141.586,141.612
2025-04-22 20:59:09.777758,141.586,141.611
2025-04-22 20:59:12.276277,141.585,141.612
2025-04-22 20:59:17.452797,141.585,141.614
2025-04-22 20:59:19.452658,141.585,141.611
2025-04-22 20:59:24.487520,141.586,141.613
2025-04-22 20:59:25.976752,141.585,141.611
2025-04-22 20:59:26.489186,141.587,141.611
2025-04-22 20:59:27.590286,141.585,141.611
2025-04-22 20:59:28.705362,141.585,141.612
2025-04-22 20:59:29.357133,141.585,141.611
2025-04-22 20:59:29.851906,141.588,141.612
2025-04-22 20:59:30.366056,141.587,141.612
2025-04-22 20:59:31.758203,141.586,141.612
2025-04-22 20:59:32.267030,141.587,141.611
2025-04-22 20:59:36.123168,141.586,141.611
2025-04-22 20:59:38.479310,141.585,141.611
2025-04-22 20:59:38.980713,141.586,141.611
2025-04-22 20:59:39.991177,141.585,141.611
2025-04-22 20:59:40.484312,141.585,141.612
2025-04-22 20:59:43.173275,141.587,141.611
2025-04-22 20:59:44.544644,141.584,141.612
2025-04-22 20:59:45.045942,141.585,141.608
2025-04-22 20:59:45.606418,141.586,141.609
2025-04-22 20:59:45.842306,141.586,141.611
2025-04-22 20:59:46.847220,141.583,141.607
2025-04-22 20:59:47.346901,141.583,141.609
2025-04-22 20:59:50.873326,141.583,141.608
2025-04-22 20:59:51.740198,141.586,141.608
2025-04-22 20:59:52.230568,141.586,141.61
2025-04-22 20:59:54.835158,141.587,141.61
2025-04-22 20:59:55.233961,141.588,141.61
2025-04-22 20:59:55.465613,141.587,141.61
2025-04-22 20:59:55.976170,141.583,141.605
2025-04-22 20:59:56.342819,141.582,141.608
2025-04-22 20:59:56.599505,141.585,141.608
2025-04-22 20:59:57.221145,141.583,141.606
2025-04-22 20:59:57.724606,141.534,141.609
2025-04-22 20:59:58.595891,141.544,141.602
2025-04-22 21:04:30.087636,141.521,141.593
2025-04-22 21:04:36.598713,141.519,141.593
2025-04-22 21:04:38.598059,141.521,141.561
2025-04-22 21:04:59.628380,141.521,141.599
2025-04-22 21:05:00.631603,141.521,141.593
2025-04-22 21:05:01.631615,141.521,141.566
2025-04-22 21:05:04.128865,141.521,141.573
2025-04-22 21:05:05.625351,141.521,141.565
2025-04-22 21:05:12.124975,141.521,141.558
2025-04-22 21:05:13.624333,141.521,141.564
2025-04-22 21:05:14.626179,141.518,141.564
2025-04-22 21:05:22.126440,141.516,141.564
2025-04-22 21:05:29.121216,141.513,141.547
2025-04-22 21:05:31.629193,141.513,141.541
2025-04-22 21:05:33.624045,141.51,141.541
2025-04-22 21:05:34.122758,141.51,141.537
2025-04-22 21:05:35.122098,141.51,141.559
2025-04-22 21:05:37.617632,141.51,141.537
2025-04-22 21:05:40.117075,141.51,141.536
2025-04-22 21:05:51.619728,141.495,141.516
2025-04-22 21:05:54.620133,141.495,141.515
2025-04-22 21:05:56.143972,141.493,141.515
2025-04-22 21:06:02.137623,141.495,141.527
2025-04-22 21:06:03.633886,141.485,141.526
2025-04-22 21:06:04.136306,141.463,141.531
2025-04-22 21:06:05.644780,141.463,141.532
2025-04-22 21:06:09.138590,141.463,141.504
2025-04-22 21:06:11.635887,141.463,141.509
2025-04-22 21:06:16.633225,141.463,141.504
2025-04-22 21:06:18.635104,141.463,141.507
2025-04-22 21:06:22.637015,141.463,141.504
2025-04-22 21:06:27.671455,141.463,141.506
2025-04-22 21:06:34.170446,141.463,141.503
2025-04-22 21:06:37.667433,141.463,141.508
2025-04-22 21:06:39.173551,141.463,141.511
2025-04-22 21:06:41.666926,141.463,141.513
2025-04-22 21:06:45.198763,141.463,141.514
2025-04-22 21:07:39.852360,141.433,141.544
2025-04-22 21:07:51.374640,141.443,141.546
2025-04-22 21:07:53.874326,141.443,141.545
2025-04-22 21:08:07.929279,141.439,141.545
2025-04-22 21:08:08.417346,141.444,141.545
2025-04-22 21:08:29.940662,141.443,141.546
2025-04-22 21:08:30.439347,141.443,141.548
2025-04-22 21:08:31.440293,141.44,141.556
2025-04-22 21:08:54.972628,141.46,141.537
2025-04-22 21:08:59.967380,141.442,141.545
2025-04-22 21:09:14.463246,141.46,141.537
2025-04-22 21:09:21.962067,141.442,141.545
2025-04-22 21:09:41.978246,141.465,141.542
2025-04-22 21:10:16.480153,141.469,141.534
2025-04-22 21:10:21.982084,141.468,141.534
2025-04-22 21:10:30.484876,141.466,141.531
2025-04-22 21:10:51.483599,141.45,141.538
2025-04-22 21:11:15.033392,141.466,141.531
2025-04-22 21:11:45.545597,141.465,141.531
2025-04-22 21:12:00.066894,141.45,141.538
2025-04-22 21:12:16.701046,141.466,141.531
2025-04-22 21:12:21.703386,141.466,141.532
2025-04-22 21:12:25.203761,141.452,141.538
2025-04-22 21:12:36.769544,141.452,141.532
2025-04-22 21:12:45.765490,141.466,141.532
2025-04-22 21:12:47.762531,141.466,141.531
2025-04-22 21:12:49.263065,141.466,141.532
2025-04-22 21:12:50.259078,141.451,141.538
2025-04-22 21:13:15.297274,141.467,141.532
2025-04-22 21:13:41.830869,141.451,141.538
2025-04-22 21:14:05.343371,141.467,141.532
2025-04-22 21:14:16.845186,141.452,141.532
2025-04-22 21:14:30.343965,141.467,141.532
2025-04-22 21:14:55.354973,141.452,141.538
2025-04-22 21:15:05.875824,141.45,141.538
2025-04-22 21:15:06.873468,141.452,141.532
2025-04-22 21:15:14.411459,141.45,141.532
2025-04-22 21:15:21.906574,141.452,141.538
2025-04-22 21:15:50.020315,141.472,141.537
2025-04-22 21:15:51.007237,141.442,141.547
2025-04-22 21:16:01.516441,141.47,141.535
2025-04-22 21:16:11.507939,141.453,141.544
2025-04-22 21:16:32.528004,141.466,141.544
2025-04-22 21:16:35.028784,141.446,141.557
2025-04-22 21:16:37.038497,141.442,141.557
2025-04-22 21:16:50.035574,141.467,141.544
2025-04-22 21:17:00.027345,141.445,141.558
2025-04-22 21:17:01.535180,141.443,141.558
2025-04-22 21:17:15.036798,141.468,141.534
2025-04-22 21:17:21.541349,141.452,141.54
2025-04-22 21:17:23.551458,141.441,141.541
2025-04-22 21:17:24.053269,141.437,141.543
2025-04-22 21:17:30.065354,141.427,141.546
2025-04-22 21:17:31.556219,141.44,141.547
2025-04-22 21:17:45.077872,141.465,141.539
2025-04-22 21:17:50.074010,141.453,141.545
2025-04-22 21:18:10.254790,141.465,141.538
2025-04-22 21:18:22.752266,141.463,141.538
2025-04-22 21:18:35.264210,141.452,141.545
2025-04-22 21:18:38.269657,141.452,141.555
2025-04-22 21:18:38.758413,141.446,141.568
2025-04-22 21:18:42.762388,141.445,141.588
2025-04-22 21:22:26.090461,141.483,141.642
2025-04-22 21:22:27.091455,141.484,141.643
2025-04-22 21:22:28.588928,141.483,141.642
2025-04-22 21:22:29.588067,141.484,141.643
2025-04-22 21:22:30.088001,141.483,141.642
2025-04-22 21:22:32.089599,141.482,141.641
2025-04-22 21:22:37.094175,141.483,141.642
2025-04-22 21:22:38.591895,141.482,141.641
2025-04-22 21:22:57.602660,141.481,141.64
2025-04-22 21:23:19.123633,141.48,141.639
2025-04-22 21:23:36.173447,141.481,141.64
2025-04-22 21:23:38.677150,141.482,141.641
2025-04-22 21:23:42.174952,141.48,141.639
2025-04-22 21:23:45.676025,141.479,141.638
2025-04-22 21:23:57.167886,141.478,141.637
2025-04-22 21:23:57.674869,141.486,141.645
2025-04-22 21:24:05.183892,141.487,141.646
2025-04-22 21:24:06.180288,141.491,141.65
2025-04-22 21:24:10.190744,141.486,141.645
2025-04-22 21:24:12.688714,141.485,141.644
2025-04-22 21:24:13.193535,141.481,141.64
2025-04-22 21:24:13.691312,141.586,141.676
2025-04-22 21:24:14.198041,141.629,141.677
2025-04-22 21:24:15.182971,141.632,141.679
2025-04-22 21:24:19.184961,141.633,141.681
2025-04-22 21:24:21.182590,141.641,141.685
2025-04-22 21:24:21.680319,141.643,141.687
2025-04-22 21:24:22.695564,141.643,141.689
2025-04-22 21:24:23.206805,141.64,141.682
2025-04-22 21:24:23.707785,141.635,141.682
2025-04-22 21:24:24.211931,141.64,141.688
2025-04-22 21:24:26.230178,141.64,141.689
2025-04-22 21:24:28.229763,141.64,141.686
2025-04-22 21:24:29.735487,141.64,141.684
2025-04-22 21:24:30.228549,141.64,141.68
2025-04-22 21:24:30.728664,141.637,141.683
2025-04-22 21:24:31.733502,141.618,141.718
2025-04-22 21:24:32.235571,141.621,141.718
2025-04-22 21:24:32.733519,141.619,141.718
2025-04-22 21:24:33.734466,141.63,141.718
2025-04-22 21:24:38.240691,141.63,141.722
2025-04-22 21:24:40.236060,141.627,141.722
2025-04-22 21:24:45.750167,141.625,141.722
2025-04-22 21:24:49.244091,141.632,141.722
2025-04-22 21:24:50.255669,141.631,141.722
2025-04-22 21:24:51.743056,141.632,141.722
2025-04-22 21:25:10.243410,141.625,141.722
2025-04-22 21:25:13.242893,141.627,141.722
2025-04-22 21:25:15.252546,141.632,141.734
2025-04-22 21:25:18.747931,141.632,141.741
2025-04-22 21:25:19.242608,141.633,141.741
2025-04-22 21:25:20.754147,141.632,141.741
2025-04-22 21:25:22.257728,141.633,141.741
2025-04-22 21:25:27.273995,141.642,141.741
2025-04-22 21:25:31.785590,141.642,141.739
2025-04-22 21:25:37.284917,141.642,141.743
2025-04-22 21:25:42.279637,141.644,141.739
2025-04-22 21:25:43.282821,141.646,141.739
2025-04-22 21:25:43.785638,141.648,141.739
2025-04-22 21:25:54.316917,141.648,141.741
2025-04-22 21:25:54.805564,141.648,141.744
2025-04-22 21:25:56.310458,141.649,141.744
2025-04-22 21:25:56.806401,141.651,141.744
2025-04-22 21:25:57.306118,141.641,141.736
2025-04-22 21:25:57.804714,141.651,141.745
2025-04-22 21:25:58.813701,141.654,141.745
2025-04-22 21:25:59.306413,141.639,141.74
2025-04-22 21:25:59.811863,141.65,141.744
2025-04-22 21:26:00.310659,141.733,141.777
2025-04-22 21:26:01.309723,141.739,141.8
2025-04-22 21:26:01.812702,141.729,141.794
2025-04-22 21:26:02.309387,141.74,141.796
2025-04-22 21:26:05.306355,141.728,141.783
2025-04-22 21:26:09.307152,141.728,141.784
2025-04-22 21:26:10.303691,141.728,141.787
2025-04-22 21:26:15.809982,141.728,141.793
2025-04-22 21:26:25.329738,141.731,141.793
2025-04-22 21:26:33.831289,141.735,141.793
2025-04-22 21:26:35.335157,141.736,141.793
2025-04-22 21:26:39.821460,141.737,141.793
2025-04-22 21:26:40.324402,141.739,141.793
2025-04-22 21:26:45.821937,141.749,141.793
2025-04-22 21:26:46.321184,141.737,141.787
2025-04-22 21:26:48.332495,141.738,141.787
2025-04-22 21:26:49.824711,141.737,141.787
2025-04-22 21:26:50.323274,141.738,141.787
2025-04-22 21:26:50.828470,141.737,141.787
2025-04-22 21:26:51.329595,141.737,141.791
2025-04-22 21:26:52.328512,141.738,141.791
2025-04-22 21:26:52.830425,141.739,141.791
2025-04-22 21:26:55.329126,141.749,141.791
2025-04-22 21:26:55.830222,141.741,141.791
2025-04-22 21:26:56.327036,141.743,141.791
2025-04-22 21:26:56.829809,141.733,141.791
2025-04-22 21:27:01.346938,141.735,141.791
2025-04-22 21:27:01.850353,141.746,141.791
2025-04-22 21:27:02.350272,141.744,141.791
2025-04-22 21:27:02.845907,141.736,141.791
2025-04-22 21:27:03.337545,141.734,141.791
2025-04-22 21:27:05.351977,141.733,141.791
2025-04-22 21:27:08.341619,141.736,141.791
2025-04-22 21:27:09.345283,141.737,141.791
2025-04-22 21:27:10.339566,141.738,141.791
2025-04-22 21:27:10.841497,141.759,141.806
2025-04-22 21:27:11.338090,141.76,141.811
2025-04-22 21:27:11.844896,141.764,141.811
2025-04-22 21:27:15.855001,141.768,141.82
2025-04-22 21:27:19.865413,141.768,141.822
2025-04-22 21:27:24.356422,141.769,141.82
2025-04-22 21:27:25.360650,141.768,141.82
2025-04-22 21:27:25.867149,141.767,141.816
2025-04-22 21:27:26.356985,141.766,141.816
2025-04-22 21:27:26.859852,141.767,141.816
2025-04-22 21:27:28.884018,141.764,141.816
2025-04-22 21:27:29.389823,141.764,141.815
2025-04-22 21:27:30.890914,141.785,141.815
2025-04-22 21:27:31.395372,141.789,141.815
2025-04-22 21:27:34.396334,141.801,141.841
2025-04-22 21:27:35.397549,141.804,141.864
2025-04-22 21:27:38.398960,141.806,141.866
2025-04-22 21:27:45.410913,141.805,141.866
2025-04-22 21:27:45.907000,141.802,141.88
2025-04-22 21:27:53.898798,141.802,141.868
2025-04-22 21:27:54.401073,141.803,141.868
2025-04-22 21:27:55.408355,141.802,141.868
2025-04-22 21:27:59.919665,141.803,141.868
2025-04-22 21:28:00.425268,141.802,141.868
2025-04-22 21:28:00.928745,141.804,141.868
2025-04-22 21:28:01.424865,141.806,141.868
2025-04-22 21:28:04.422170,141.808,141.868
2025-04-22 21:28:05.415916,141.82,141.868
2025-04-22 21:28:06.417517,141.831,141.871
2025-04-22 21:28:09.416048,141.829,141.871
2025-04-22 21:28:09.915928,141.839,141.871
2025-04-22 21:28:12.957391,141.841,141.895
2025-04-22 21:28:13.449621,141.842,141.895
2025-04-22 21:28:13.947042,141.846,141.895
2025-04-22 21:28:14.946389,141.854,141.895
2025-04-22 21:28:16.451095,141.853,141.895
2025-04-22 21:28:17.950252,141.852,141.895
2025-04-22 21:28:18.455371,141.856,141.895
2025-04-22 21:28:19.448550,141.847,141.886
2025-04-22 21:28:19.947580,141.843,141.886
2025-04-22 21:28:22.454551,141.848,141.886
2025-04-22 21:28:23.456432,141.849,141.886
2025-04-22 21:28:23.956507,141.848,141.886
2025-04-22 21:28:24.452317,141.855,141.886
2025-04-22 21:28:24.947727,141.854,141.886
2025-04-22 21:28:31.945630,141.848,141.886
2025-04-22 21:28:32.451851,141.851,141.886
2025-04-22 21:28:40.459794,141.844,141.886
2025-04-22 21:28:43.955946,141.849,141.894
2025-04-22 21:28:44.959710,141.85,141.894
2025-04-22 21:28:45.962500,141.849,141.894
2025-04-22 21:28:46.980784,141.848,141.894
2025-04-22 21:28:47.488248,141.849,141.894
2025-04-22 21:28:48.488686,141.847,141.895
2025-04-22 21:28:48.979986,141.849,141.895
2025-04-22 21:28:49.477846,141.848,141.904
2025-04-22 21:28:50.479359,141.823,141.91
2025-04-22 21:28:51.981997,141.821,141.91
2025-04-22 21:28:52.991381,141.821,141.908
2025-04-22 21:28:53.986268,141.827,141.907
2025-04-22 21:28:54.991010,141.828,141.914
2025-04-22 21:28:55.979308,141.821,141.907
2025-04-22 21:28:59.505178,141.821,141.908
2025-04-22 21:29:00.007234,141.822,141.908
2025-04-22 21:29:00.504691,141.823,141.908
2025-04-22 21:29:01.994144,141.825,141.908
2025-04-22 21:29:02.494147,141.826,141.908
2025-04-22 21:29:03.007033,141.827,141.908
2025-04-22 21:29:03.992764,141.84,141.908
2025-04-22 21:29:04.491178,141.833,141.908
2025-04-22 21:29:04.994627,141.832,141.908
2025-04-22 21:29:07.012122,141.824,141.909
2025-04-22 21:29:08.513527,141.825,141.91
2025-04-22 21:29:09.012133,141.853,141.91
2025-04-22 21:29:11.516429,141.846,141.91
2025-04-22 21:29:12.522279,141.847,141.91
2025-04-22 21:29:15.510261,141.835,141.912
2025-04-22 21:29:18.549703,141.835,141.908
2025-04-22 21:29:20.051658,141.836,141.912
2025-04-22 21:29:20.554527,141.835,141.912
2025-04-22 21:29:22.066743,141.828,141.912
2025-04-22 21:29:22.555916,141.832,141.915
2025-04-22 21:29:26.556981,141.829,141.926
2025-04-22 21:29:30.561755,141.827,141.926
2025-04-22 21:29:31.556737,141.845,141.926
2025-04-22 21:29:35.060137,141.839,141.916
2025-04-22 21:29:36.558730,141.84,141.916
2025-04-22 21:29:38.561237,141.839,141.916
2025-04-22 21:29:39.055473,141.84,141.916
2025-04-22 21:29:40.059106,141.841,141.916
2025-04-22 21:29:41.066760,141.842,141.916
2025-04-22 21:29:41.556213,141.829,141.916
2025-04-22 21:29:42.062021,141.832,141.916
2025-04-22 21:29:44.560077,141.842,141.932
2025-04-22 21:29:46.560989,141.839,141.936
2025-04-22 21:29:47.057750,141.838,141.936
2025-04-22 21:29:47.560346,141.839,141.936
2025-04-22 21:29:48.562694,141.846,141.936
2025-04-22 21:29:52.559258,141.836,141.936
2025-04-22 21:29:53.564754,141.847,141.936
2025-04-22 21:29:54.556637,141.849,141.936
2025-04-22 21:29:55.558667,141.852,141.936
2025-04-22 21:29:56.559766,141.905,141.968
2025-04-22 21:29:58.561580,141.884,141.936
2025-04-22 21:29:59.057445,141.886,141.939
2025-04-22 21:29:59.556371,141.886,141.942
2025-04-22 21:30:00.060828,141.909,141.966
2025-04-22 21:30:01.556601,141.909,141.968
2025-04-22 21:30:03.056812,141.909,141.97
2025-04-22 21:30:04.563562,141.906,141.966
2025-04-22 21:30:05.065660,141.904,141.959
2025-04-22 21:30:08.057353,141.904,141.966
2025-04-22 21:30:09.558911,141.947,142.006
2025-04-22 21:30:11.059932,141.947,142.008
2025-04-22 21:30:12.070921,141.947,142.01
2025-04-22 21:30:12.585102,141.948,142.006
2025-04-22 21:30:13.097471,141.961,142.006
2025-04-22 21:30:15.090771,141.975,142.006
2025-04-22 21:30:18.089430,141.974,142.006
2025-04-22 21:30:18.588820,141.975,142.008
2025-04-22 21:30:23.133497,141.973,142.016
2025-04-22 21:30:24.645261,141.975,142.018
2025-04-22 21:30:25.143724,141.976,142.021
2025-04-22 21:30:25.644085,141.988,142.047
2025-04-22 21:30:28.656066,141.988,142.054
2025-04-22 21:30:32.153242,141.99,142.047
2025-04-22 21:30:32.651750,141.992,142.05
2025-04-22 21:30:34.152557,141.994,142.05
2025-04-22 21:30:38.664480,142.002,142.046
2025-04-22 21:30:45.180913,142.009,142.046
2025-04-22 21:30:46.190912,142.011,142.046
2025-04-22 21:30:49.681443,142.007,142.046
2025-04-22 21:31:03.740053,142.016,142.046
2025-04-22 21:31:04.240746,142.017,142.046
2025-04-22 21:31:14.233587,142.02,142.046
2025-04-22 21:31:18.727325,142.013,142.036
2025-04-22 21:31:19.227069,142.01,142.036
2025-04-22 21:31:19.740863,142.009,142.036
2025-04-22 21:31:21.735978,142.011,142.036
2025-04-22 21:31:25.234360,142.011,142.046
2025-04-22 21:31:27.228115,142.016,142.036
2025-04-22 21:31:28.735640,142.011,142.046
2025-04-22 21:31:31.231572,142.015,142.027
2025-04-22 21:31:35.743416,142.004,142.046
2025-04-22 21:31:38.758603,142.015,142.027
2025-04-22 21:31:40.763998,142.012,142.026
2025-04-22 21:31:41.265939,142.014,142.026
2025-04-22 21:31:49.794156,142.004,142.026
2025-04-22 21:31:51.294088,142.004,142.046
2025-04-22 21:31:55.300824,142.011,142.046
2025-04-22 21:32:09.794073,142.008,142.046
2025-04-22 21:32:10.294025,142.007,142.046
2025-04-22 21:32:11.798898,142.005,142.046
2025-04-22 21:32:15.302034,142.015,142.046
2025-04-22 21:32:16.791030,142.016,142.046
2025-04-22 21:32:19.299582,142.008,142.046
2025-04-22 21:32:19.800631,142.014,142.046
2025-04-22 21:32:20.299298,142.015,142.046
2025-04-22 21:32:20.795964,142.015,142.048
2025-04-22 21:32:21.293756,142.016,142.046
2025-04-22 21:32:22.796349,142.014,142.046
2025-04-22 21:32:23.295087,141.996,142.046
2025-04-22 21:32:24.300057,141.996,142.034
2025-04-22 21:32:25.302575,141.996,142.046
2025-04-22 21:32:26.803787,141.994,142.046
2025-04-22 21:32:28.317009,141.995,142.046
2025-04-22 21:32:30.312553,141.997,142.046
2025-04-22 21:32:30.814437,141.996,142.046
2025-04-22 21:32:31.312253,142.001,142.046
2025-04-22 21:32:32.307305,142.005,142.046
2025-04-22 21:32:33.820896,142.006,142.046
2025-04-22 21:32:34.821992,142.016,142.046
2025-04-22 21:32:35.322242,142.006,142.046
2025-04-22 21:32:35.820781,142.007,142.046
2025-04-22 21:32:36.819646,142.008,142.046
2025-04-22 21:32:37.334859,142.021,142.046
2025-04-22 21:32:37.833876,142.019,142.046
2025-04-22 21:32:38.333469,142.018,142.046
2025-04-22 21:32:41.328564,142.023,142.046
2025-04-22 21:32:44.335122,142.024,142.046
2025-04-22 21:32:44.821638,142.024,142.048
2025-04-22 21:32:45.324882,142.014,142.046
2025-04-22 21:32:45.819757,142.016,142.046
2025-04-22 21:32:46.327124,142.018,142.046
2025-04-22 21:32:47.329064,142.014,142.051
2025-04-22 21:32:49.330262,142.017,142.051
2025-04-22 21:32:51.384437,142.016,142.058
2025-04-22 21:32:52.389445,142.017,142.058
2025-04-22 21:32:52.887785,142.016,142.058
2025-04-22 21:32:53.391558,142.017,142.058
2025-04-22 21:32:54.385265,142.019,142.058
2025-04-22 21:32:54.885287,141.998,142.038
2025-04-22 21:32:55.890230,141.982,142.018
2025-04-22 21:32:56.894482,141.974,142.018
2025-04-22 21:32:57.887768,141.974,142.02
2025-04-22 21:32:58.385324,141.973,142.021
2025-04-22 21:32:58.885641,141.974,142.023
2025-04-22 21:33:00.399238,141.974,142.024
2025-04-22 21:33:01.382843,141.973,142.024
2025-04-22 21:33:04.893791,141.979,142.024
2025-04-22 21:33:05.896230,141.974,142.024
2025-04-22 21:33:07.902252,141.975,142.024
2025-04-22 21:33:09.902524,141.974,142.024
2025-04-22 21:33:10.401633,141.974,142.027
2025-04-22 21:33:12.432489,141.979,142.024
2025-04-22 21:33:13.442551,141.977,142.025
2025-04-22 21:33:14.442651,141.978,142.025
2025-04-22 21:33:14.944004,141.977,142.025
2025-04-22 21:33:15.933684,141.976,142.025
2025-04-22 21:33:16.432831,141.975,142.025
2025-04-22 21:33:16.935808,141.974,142.025
2025-04-22 21:33:17.437684,141.973,142.027
2025-04-22 21:33:17.939568,141.972,142.027
2025-04-22 21:33:18.936491,141.973,142.027
2025-04-22 21:33:19.431701,141.974,142.025
2025-04-22 21:33:21.947320,141.975,142.025
2025-04-22 21:33:22.456266,141.989,142.045
2025-04-22 21:33:22.948849,141.991,142.048
2025-04-22 21:33:23.453999,141.803,141.964
2025-04-22 21:33:26.991944,141.865,142.024
2025-04-22 21:33:27.481305,141.846,142.005
2025-04-22 21:33:28.493287,141.847,142.006
2025-04-22 21:33:29.006063,141.802,141.943
2025-04-22 21:33:29.505421,141.803,141.943
2025-04-22 21:33:30.494620,141.802,141.943
2025-04-22 21:33:32.991937,141.805,141.943
2025-04-22 21:33:33.503737,141.807,141.943
2025-04-22 21:33:33.992913,141.812,141.948
2025-04-22 21:33:34.996518,141.813,141.948
2025-04-22 21:33:35.996408,141.86,141.949
2025-04-22 21:33:38.016906,141.822,141.981
2025-04-22 21:33:39.519548,141.844,142.003
2025-04-22 21:33:41.511074,141.924,142.057
2025-04-22 21:33:42.015414,141.951,142.057
2025-04-22 21:33:42.508321,141.951,142.063
2025-04-22 21:33:43.007691,141.951,142.051
2025-04-22 21:33:43.520496,141.951,142.046
2025-04-22 21:33:44.018247,141.973,142.06
2025-04-22 21:33:45.520061,141.973,142.052
2025-04-22 21:33:46.521061,141.973,142.04
2025-04-22 21:33:47.010776,141.973,142.058
2025-04-22 21:33:47.508833,141.973,142.053
2025-04-22 21:33:48.020912,141.973,142.052
2025-04-22 21:33:50.014810,141.973,142.056
2025-04-22 21:33:50.514198,141.973,142.057
2025-04-22 21:33:51.018376,141.987,142.062
2025-04-22 21:33:52.014854,141.987,142.061
2025-04-22 21:33:52.521931,141.987,142.062
2025-04-22 21:33:53.018247,141.987,142.055
2025-04-22 21:34:06.524492,141.993,142.055
2025-04-22 21:34:07.529312,141.992,142.098
2025-04-22 21:34:09.024318,141.999,142.098
2025-04-22 21:34:11.527548,142.02,142.097
2025-04-22 21:34:14.527636,142.02,142.13
2025-04-22 21:34:15.038404,142.026,142.136
2025-04-22 21:34:17.538336,142.067,142.135
2025-04-22 21:34:18.053183,142.025,142.152
2025-04-22 21:34:23.543122,142.089,142.136
2025-04-22 21:34:24.040308,142.091,142.139
2025-04-22 21:34:25.052115,142.091,142.136
2025-04-22 21:34:26.040691,142.091,142.139
2025-04-22 21:34:28.040281,142.125,142.205
2025-04-22 21:34:31.544242,142.117,142.166
2025-04-22 21:34:34.039953,142.106,142.166
2025-04-22 21:34:36.048386,142.084,142.185
2025-04-22 21:34:37.049407,142.133,142.201
2025-04-22 21:34:40.040605,142.133,142.166
2025-04-22 21:34:40.539848,142.134,142.201
2025-04-22 21:34:43.069212,142.143,142.201
2025-04-22 21:34:44.057018,142.15,142.201
2025-04-22 21:34:48.064477,142.15,142.209
2025-04-22 21:34:48.558787,142.15,142.207
2025-04-22 21:34:50.559846,142.133,142.206
2025-04-22 21:34:52.569455,142.124,142.169
2025-04-22 21:34:53.566314,142.116,142.172
2025-04-22 21:34:55.559229,142.133,142.204
2025-04-22 21:34:56.555585,142.131,142.204
2025-04-22 21:35:05.080688,142.135,142.204
2025-04-22 21:35:06.071624,142.137,142.204
2025-04-22 21:35:08.091124,142.14,142.231
2025-04-22 21:35:08.590888,142.145,142.241
2025-04-22 21:35:09.090867,142.145,142.211
2025-04-22 21:35:10.090670,142.145,142.239
2025-04-22 21:35:10.591633,142.144,142.21
2025-04-22 21:35:11.093758,142.146,142.238
2025-04-22 21:35:11.586124,142.15,142.238
2025-04-22 21:35:12.087151,142.152,142.238
2025-04-22 21:35:12.600615,142.153,142.238
2025-04-22 21:35:13.585153,142.15,142.238
2025-04-22 21:35:14.587394,142.153,142.238
2025-04-22 21:35:15.589660,142.155,142.238
2025-04-22 21:35:16.089620,142.157,142.238
2025-04-22 21:35:16.588414,142.159,142.238
2025-04-22 21:35:23.590820,142.163,142.238
2025-04-22 21:35:24.100980,142.173,142.238
2025-04-22 21:35:24.608117,142.174,142.238
2025-04-22 21:35:25.104953,142.173,142.238
2025-04-22 21:35:26.614545,142.173,142.24
2025-04-22 21:35:27.101658,142.173,142.227
2025-04-22 21:35:28.101773,142.17,142.227
2025-04-22 21:35:31.603223,142.173,142.227
2025-04-22 21:35:32.103793,142.172,142.227
2025-04-22 21:35:34.105340,142.177,142.238
2025-04-22 21:35:34.606015,142.17,142.237
2025-04-22 21:35:37.616409,142.172,142.237
2025-04-22 21:35:38.114327,142.171,142.237
2025-04-22 21:35:38.612435,142.172,142.237
2025-04-22 21:35:40.112988,142.182,142.237
2025-04-22 21:35:41.112267,142.176,142.236
2025-04-22 21:35:41.611364,142.179,142.267
2025-04-22 21:35:42.112766,142.182,142.267
2025-04-22 21:35:43.117899,142.186,142.267
2025-04-22 21:35:43.634025,142.218,142.267
2025-04-22 21:35:45.146968,142.232,142.306
2025-04-22 21:35:45.633831,142.229,142.306
2025-04-22 21:35:52.635960,142.232,142.321
2025-04-22 21:35:53.136902,142.232,142.345
2025-04-22 21:35:53.636881,142.232,142.346
2025-04-22 21:35:54.139666,142.234,142.346
2025-04-22 21:35:54.638946,142.237,142.346
2025-04-22 21:35:56.636455,142.247,142.346
2025-04-22 21:35:58.133358,142.251,142.346
2025-04-22 21:35:59.149825,142.258,142.346
2025-04-22 21:36:01.172492,142.259,142.346
2025-04-22 21:36:02.169981,142.259,142.326
2025-04-22 21:36:02.671211,142.253,142.326
2025-04-22 21:36:03.670733,142.254,142.326
2025-04-22 21:36:04.677590,142.255,142.326
2025-04-22 21:36:05.173682,142.263,142.326
2025-04-22 21:36:06.676114,142.263,142.339
2025-04-22 21:36:07.178374,142.251,142.346
2025-04-22 21:36:08.169815,142.25,142.346
2025-04-22 21:36:09.178982,142.248,142.346
2025-04-22 21:36:11.168260,142.247,142.346
2025-04-22 21:36:13.175891,142.249,142.346
2025-04-22 21:36:14.173049,142.258,142.346
2025-04-22 21:36:15.675072,142.259,142.346
2025-04-22 21:36:16.673421,142.262,142.346
2025-04-22 21:36:17.672573,142.26,142.346
2025-04-22 21:36:18.166223,142.272,142.346
2025-04-22 21:36:19.172809,142.265,142.346
2025-04-22 21:36:21.167407,142.26,142.327
2025-04-22 21:36:22.667899,142.261,142.327
2025-04-22 21:36:23.169438,142.26,142.327
2025-04-22 21:36:23.669599,142.259,142.327
2025-04-22 21:36:24.670232,142.258,142.327
2025-04-22 21:36:26.178517,142.254,142.327
2025-04-22 21:36:28.177677,142.261,142.327
2025-04-22 21:36:29.171489,142.263,142.331
2025-04-22 21:36:30.168025,142.263,142.337
2025-04-22 21:36:31.170356,142.263,142.332
2025-04-22 21:36:33.680267,142.263,142.331
2025-04-22 21:36:35.211695,142.263,142.33
2025-04-22 21:36:35.723416,142.276,142.33
2025-04-22 21:36:39.741248,142.276,142.337
2025-04-22 21:36:40.727184,142.27,142.338
2025-04-22 21:36:42.237591,142.269,142.337
2025-04-22 21:36:43.232698,142.269,142.351
2025-04-22 21:36:44.733956,142.269,142.36
2025-04-22 21:36:46.254777,142.272,142.362
2025-04-22 21:36:47.244336,142.275,142.362
2025-04-22 21:36:47.750186,142.275,142.357
2025-04-22 21:36:49.257283,142.275,142.356
2025-04-22 21:36:49.752278,142.275,142.361
2025-04-22 21:36:50.243575,142.281,142.361
2025-04-22 21:36:50.747877,142.283,142.345
2025-04-22 21:36:51.246180,142.287,142.346
2025-04-22 21:36:52.255651,142.293,142.348
2025-04-22 21:36:52.748270,142.281,142.355
2025-04-22 21:36:53.747127,142.281,142.356
2025-04-22 21:36:54.744903,142.294,142.356
2025-04-22 21:36:55.255658,142.294,142.355
2025-04-22 21:36:58.250569,142.294,142.356
2025-04-22 21:36:59.759179,142.283,142.373
2025-04-22 21:37:00.261248,142.287,142.374
2025-04-22 21:37:00.761501,142.287,142.377
2025-04-22 21:37:01.262846,142.289,142.377
2025-04-22 21:37:01.772677,142.287,142.368
2025-04-22 21:37:02.272995,142.288,142.362
2025-04-22 21:37:02.770510,142.289,142.372
2025-04-22 21:37:05.768950,142.29,142.372
2025-04-22 21:37:06.771277,142.289,142.374
2025-04-22 21:37:08.758509,142.29,142.374
2025-04-22 21:37:09.760882,142.301,142.375
2025-04-22 21:37:10.769238,142.298,142.373
2025-04-22 21:37:11.268812,142.301,142.375
2025-04-22 21:37:11.760952,142.301,142.377
2025-04-22 21:37:12.265701,142.299,142.378
2025-04-22 21:37:12.765364,142.299,142.385
2025-04-22 21:37:13.770574,142.3,142.384
2025-04-22 21:37:14.773447,142.296,142.384
2025-04-22 21:37:15.260467,142.3,142.382
2025-04-22 21:37:15.774264,142.306,142.384
2025-04-22 21:37:18.774694,142.306,142.39
2025-04-22 21:37:19.280987,142.304,142.388
2025-04-22 21:37:19.780062,142.303,142.388
2025-04-22 21:37:23.798136,142.304,142.389
2025-04-22 21:37:24.791652,142.303,142.389
2025-04-22 21:37:25.300962,142.3,142.39
2025-04-22 21:37:26.804506,142.305,142.39
2025-04-22 21:37:27.811599,142.301,142.39
2025-04-22 21:37:28.821071,142.3,142.39
2025-04-22 21:37:29.811528,142.3,142.391
2025-04-22 21:37:31.808973,142.297,142.391
2025-04-22 21:37:32.306264,142.298,142.39
2025-04-22 21:37:34.306462,142.297,142.39
2025-04-22 21:37:35.305910,142.3,142.391
2025-04-22 21:37:35.805767,142.302,142.391
2025-04-22 21:37:36.807984,142.302,142.381
2025-04-22 21:37:38.818839,142.302,142.382
2025-04-22 21:37:40.323346,142.3,142.38
2025-04-22 21:37:40.837403,142.301,142.38
2025-04-22 21:37:42.337739,142.302,142.378
2025-04-22 21:37:42.850895,142.303,142.378
2025-04-22 21:37:44.845411,142.304,142.378
2025-04-22 21:37:45.337570,142.306,142.378
2025-04-22 21:37:45.848524,142.306,142.379
2025-04-22 21:37:46.338628,142.306,142.378
2025-04-22 21:37:46.838605,142.307,142.38
2025-04-22 21:37:47.857757,142.31,142.38
2025-04-22 21:37:48.355501,142.31,142.381
2025-04-22 21:37:48.856343,142.313,142.38
2025-04-22 21:37:50.354079,142.314,142.38
2025-04-22 21:37:50.863798,142.316,142.385
2025-04-22 21:37:51.864734,142.316,142.392
2025-04-22 21:37:52.356741,142.316,142.391
2025-04-22 21:37:52.877079,142.317,142.391
2025-04-22 21:37:54.873679,142.317,142.389
2025-04-22 21:37:56.881161,142.321,142.401
2025-04-22 21:37:59.374162,142.313,142.413
2025-04-22 21:38:00.369896,142.311,142.407
2025-04-22 21:38:00.873863,142.312,142.407
2025-04-22 21:38:01.374367,142.312,142.406
2025-04-22 21:38:02.372340,142.313,142.412
2025-04-22 21:38:03.376348,142.312,142.412
2025-04-22 21:38:03.876747,142.31,142.41
2025-04-22 21:38:04.884626,142.311,142.41
2025-04-22 21:38:05.380384,142.312,142.41
2025-04-22 21:38:05.871146,142.309,142.41
2025-04-22 21:38:07.369356,142.31,142.408
2025-04-22 21:38:07.872910,142.321,142.41
2025-04-22 21:38:08.368921,142.323,142.41
2025-04-22 21:38:09.370798,142.32,142.414
2025-04-22 21:38:10.375968,142.326,142.406
2025-04-22 21:38:10.871737,142.327,142.406
2025-04-22 21:38:12.367593,142.324,142.406
2025-04-22 21:38:12.868723,142.321,142.406
2025-04-22 21:38:14.373123,142.321,142.407
2025-04-22 21:38:18.879275,142.322,142.407
2025-04-22 21:38:19.368137,142.318,142.405
2025-04-22 21:38:19.873785,142.323,142.404
2025-04-22 21:38:21.371345,142.32,142.406
2025-04-22 21:38:22.373965,142.322,142.407
2025-04-22 21:38:22.873013,142.314,142.406
2025-04-22 21:38:24.383483,142.314,142.407
2025-04-22 21:38:25.390501,142.317,142.407
2025-04-22 21:38:26.399734,142.314,142.407
2025-04-22 21:38:27.394036,142.316,142.407
2025-04-22 21:38:27.893214,142.318,142.408
2025-04-22 21:38:28.892782,142.32,142.408
2025-04-22 21:38:29.393348,142.321,142.408
2025-04-22 21:38:29.889662,142.32,142.408
2025-04-22 21:38:30.892672,142.319,142.41
2025-04-22 21:38:36.909063,142.315,142.41
2025-04-22 21:38:37.403280,142.313,142.39
2025-04-22 21:38:37.906394,142.301,142.372
2025-04-22 21:38:38.901286,142.302,142.371
2025-04-22 21:38:39.399775,142.307,142.37
2025-04-22 21:38:39.900441,142.306,142.375
2025-04-22 21:38:43.901095,142.307,142.373
2025-04-22 21:38:45.923488,142.297,142.36
2025-04-22 21:38:47.419347,142.298,142.363
2025-04-22 21:38:49.423609,142.298,142.367
2025-04-22 21:38:53.917730,142.298,142.366
2025-04-22 21:38:55.930271,142.298,142.367
2025-04-22 21:38:56.928406,142.298,142.37
2025-04-22 21:38:58.921657,142.298,142.369
2025-04-22 21:38:59.928608,142.292,142.369
2025-04-22 21:39:00.430438,142.294,142.371
2025-04-22 21:39:03.441926,142.293,142.369
2025-04-22 21:39:03.940966,142.288,142.374
2025-04-22 21:39:05.438770,142.309,142.378
2025-04-22 21:39:05.932700,142.302,142.378
2025-04-22 21:39:09.431193,142.301,142.378
2025-04-22 21:39:10.435366,142.309,142.378
2025-04-22 21:39:10.937303,142.305,142.377
2025-04-22 21:39:11.946611,142.289,142.376
2025-04-22 21:39:12.957680,142.292,142.376
2025-04-22 21:39:13.459648,142.292,142.377
2025-04-22 21:39:13.951737,142.291,142.377
2025-04-22 21:39:14.456651,142.291,142.376
2025-04-22 21:39:14.952586,142.291,142.379
2025-04-22 21:39:15.951693,142.29,142.379
2025-04-22 21:39:16.452950,142.286,142.372
2025-04-22 21:39:17.462023,142.287,142.372
2025-04-22 21:39:17.971525,142.286,142.372
2025-04-22 21:39:19.462836,142.294,142.372
2025-04-22 21:39:20.973749,142.293,142.372
2025-04-22 21:39:21.473365,142.296,142.372
2025-04-22 21:39:22.471335,142.298,142.375
2025-04-22 21:39:23.467415,142.287,142.375
2025-04-22 21:39:24.972604,142.285,142.374
2025-04-22 21:39:26.483459,142.287,142.374
2025-04-22 21:39:26.989163,142.287,142.375
2025-04-22 21:39:27.987341,142.286,142.371
2025-04-22 21:39:28.491091,142.282,142.371
2025-04-22 21:39:28.990950,142.283,142.371
2025-04-22 21:39:29.984238,142.279,142.371
2025-04-22 21:39:32.988005,142.278,142.371
2025-04-22 21:39:33.489572,142.275,142.372
2025-04-22 21:39:36.986720,142.275,142.371
2025-04-22 21:39:42.485221,142.275,142.372
2025-04-22 21:39:44.478432,142.276,142.372
2025-04-22 21:39:44.978835,142.275,142.372
2025-04-22 21:39:45.985219,142.277,142.372
2025-04-22 21:39:48.480009,142.28,142.372
2025-04-22 21:39:50.481369,142.28,142.371
2025-04-22 21:39:51.483464,142.281,142.371
2025-04-22 21:39:51.989696,142.279,142.371
2025-04-22 21:39:58.000342,142.273,142.371
2025-04-22 21:39:59.503380,142.272,142.371
2025-04-22 21:40:00.501876,142.273,142.371
2025-04-22 21:40:01.000661,142.271,142.371
2025-04-22 21:40:01.497961,142.274,142.371
2025-04-22 21:40:04.492443,142.275,142.371
2025-04-22 21:40:05.506248,142.28,142.374
2025-04-22 21:40:07.002457,142.277,142.374
2025-04-22 21:40:07.994316,142.275,142.373
2025-04-22 21:40:08.507078,142.279,142.376
2025-04-22 21:40:08.992628,142.279,142.374
2025-04-22 21:40:10.496434,142.279,142.375
2025-04-22 21:40:14.002357,142.282,142.375
2025-04-22 21:40:17.001653,142.279,142.374
2025-04-22 21:40:18.002824,142.282,142.391
2025-04-22 21:40:18.999544,142.286,142.39
2025-04-22 21:40:20.499503,142.286,142.395
2025-04-22 21:40:23.500181,142.284,142.397
2025-04-22 21:40:30.492180,142.284,142.398
2025-04-22 21:40:35.492319,142.284,142.397
2025-04-22 21:40:36.499241,142.284,142.4
2025-04-22 21:40:42.496047,142.284,142.396
2025-04-22 21:40:43.501121,142.273,142.396
2025-04-22 21:40:46.993498,142.273,142.397
2025-04-22 21:40:47.494820,142.276,142.401
2025-04-22 21:40:51.504367,142.279,142.403
2025-04-22 21:40:53.998166,142.279,142.402
2025-04-22 21:40:56.002078,142.269,142.402
2025-04-22 21:40:57.500243,142.278,142.402
2025-04-22 21:40:59.992966,142.276,142.393
2025-04-22 21:41:00.996515,142.281,142.393
2025-04-22 21:41:03.508198,142.289,142.393
2025-04-22 21:41:05.516962,142.283,142.393
2025-04-22 21:41:12.526043,142.282,142.393
2025-04-22 21:41:16.525905,142.282,142.394
2025-04-22 21:41:18.026878,142.283,142.394
2025-04-22 21:41:19.528446,142.284,142.393
2025-04-22 21:41:21.036685,142.293,142.393
2025-04-22 21:41:21.538702,142.291,142.394
2025-04-22 21:41:22.038601,142.285,142.391
2025-04-22 21:41:23.534027,142.285,142.394
2025-04-22 21:41:27.027663,142.284,142.395
2025-04-22 21:41:28.024496,142.286,142.395
2025-04-22 21:41:29.531009,142.284,142.395
2025-04-22 21:41:33.550680,142.282,142.398
2025-04-22 21:41:34.054149,142.294,142.399
2025-04-22 21:41:35.054225,142.294,142.397
2025-04-22 21:41:38.547245,142.287,142.396
2025-04-22 21:41:41.039657,142.268,142.388
2025-04-22 21:41:42.047534,142.276,142.388
2025-04-22 21:41:44.043345,142.276,142.386
2025-04-22 21:41:49.050901,142.274,142.386
2025-04-22 21:41:49.552330,142.263,142.382
2025-04-22 21:41:51.049686,142.277,142.382
2025-04-22 21:41:56.061784,142.272,142.382
2025-04-22 21:41:57.055892,142.262,142.38
2025-04-22 21:41:59.570750,142.261,142.379
2025-04-22 21:42:00.082926,142.252,142.379
2025-04-22 21:42:00.571908,142.265,142.379
2025-04-22 21:42:01.086600,142.268,142.379
2025-04-22 21:42:03.574635,142.252,142.379
2025-04-22 21:42:04.076812,142.252,142.381
2025-04-22 21:42:07.079280,142.254,142.38
2025-04-22 21:42:07.578283,142.264,142.391
2025-04-22 21:42:09.086287,142.252,142.383
2025-04-22 21:42:10.589733,142.252,142.382
2025-04-22 21:42:15.102619,142.256,142.382
2025-04-22 21:42:15.615719,142.3,142.382
2025-04-22 21:42:19.113828,142.252,142.382
2025-04-22 21:42:21.116888,142.256,142.382
2025-04-22 21:42:22.602159,142.256,142.376
2025-04-22 21:42:24.601679,142.255,142.376
2025-04-22 21:42:31.128572,142.257,142.376
2025-04-22 21:42:31.629007,142.255,142.377
2025-04-22 21:42:32.127727,142.259,142.377
2025-04-22 21:42:33.128462,142.262,142.377
2025-04-22 21:42:33.627432,142.271,142.376
2025-04-22 21:42:34.620149,142.271,142.373
2025-04-22 21:42:37.632313,142.308,142.382
2025-04-22 21:42:38.117942,142.302,142.381
2025-04-22 21:42:38.627908,142.3,142.386
2025-04-22 21:42:39.123133,142.3,142.394
2025-04-22 21:42:41.123132,142.27,142.373
2025-04-22 21:42:42.120384,142.266,142.358
2025-04-22 21:42:42.620481,142.257,142.354
2025-04-22 21:42:43.128741,142.257,142.353
2025-04-22 21:42:46.127780,142.257,142.35
2025-04-22 21:42:47.117623,142.257,142.359
2025-04-22 21:42:47.631680,142.255,142.352
2025-04-22 21:42:50.128769,142.256,142.353
2025-04-22 21:42:52.120861,142.26,142.361
2025-04-22 21:42:53.130129,142.26,142.355
2025-04-22 21:42:54.628411,142.299,142.402
2025-04-22 21:42:55.128501,142.279,142.403
2025-04-22 21:42:55.626172,142.279,142.4
2025-04-22 21:42:56.631146,142.276,142.399
2025-04-22 21:42:57.119610,142.276,142.395
2025-04-22 21:42:57.620150,142.276,142.396
2025-04-22 21:42:58.124777,142.276,142.4
2025-04-22 21:42:59.627592,142.276,142.399
2025-04-22 21:43:00.128152,142.281,142.4
2025-04-22 21:43:02.127614,142.277,142.4
2025-04-22 21:43:02.623787,142.277,142.378
2025-04-22 21:43:03.620958,142.277,142.377
2025-04-22 21:43:04.120401,142.277,142.368
2025-04-22 21:43:05.118648,142.274,142.367
2025-04-22 21:43:06.135483,142.279,142.367
2025-04-22 21:43:06.635746,142.292,142.379
2025-04-22 21:43:07.141165,142.292,142.376
2025-04-22 21:43:08.145988,142.292,142.371
2025-04-22 21:43:09.146613,142.292,142.379
2025-04-22 21:43:10.644317,142.292,142.38
2025-04-22 21:43:12.143369,142.292,142.41
2025-04-22 21:43:13.137046,142.296,142.427
2025-04-22 21:43:15.146963,142.301,142.415
2025-04-22 21:43:26.154080,142.296,142.415
2025-04-22 21:43:42.660365,142.297,142.422
2025-04-22 21:43:43.650137,142.297,142.424
2025-04-22 21:43:45.159331,142.297,142.425
2025-04-22 21:43:49.160861,142.297,142.424
2025-04-22 21:43:49.657771,142.332,142.424
2025-04-22 21:43:50.648059,142.332,142.423
2025-04-22 21:43:52.151980,142.332,142.424
2025-04-22 21:43:56.675845,142.328,142.424
2025-04-22 21:43:57.677575,142.332,142.424
2025-04-22 21:43:58.175607,142.338,142.384
2025-04-22 21:44:01.672711,142.327,142.388
2025-04-22 21:44:02.175516,142.319,142.373
2025-04-22 21:44:02.682739,142.319,142.394
2025-04-22 21:44:05.680016,142.331,142.398
2025-04-22 21:44:11.691635,142.333,142.398
2025-04-22 21:44:15.690055,142.317,142.382
2025-04-22 21:44:16.688168,142.32,142.39
2025-04-22 21:44:19.687187,142.317,142.382
2025-04-22 21:44:22.706774,142.312,142.378
2025-04-22 21:44:23.195412,142.315,142.385
2025-04-22 21:44:27.751759,142.312,142.378
2025-04-22 21:44:28.255402,142.315,142.385
2025-04-22 21:44:32.249319,142.312,142.373
2025-04-22 21:44:41.820149,142.315,142.38
2025-04-22 21:44:45.332768,142.312,142.371
2025-04-22 21:44:47.322981,142.315,142.377
2025-04-22 21:44:51.345471,142.333,142.388
2025-04-22 21:44:56.345734,142.327,142.383
2025-04-22 21:45:00.347192,142.362,142.414
2025-04-22 21:45:00.840883,142.367,142.41
2025-04-22 21:45:01.841977,142.358,142.416
2025-04-22 21:45:02.346879,142.351,142.409
2025-04-22 21:45:05.841514,142.358,142.416
2025-04-22 21:45:09.346988,142.36,142.416
2025-04-22 21:45:11.861330,142.36,142.409
2025-04-22 21:45:12.362281,142.376,142.424
2025-04-22 21:45:14.361474,142.379,142.418
2025-04-22 21:45:14.864119,142.377,142.411
2025-04-22 21:45:17.876844,142.381,142.411
2025-04-22 21:45:18.377274,142.381,142.419
2025-04-22 21:45:19.381737,142.379,142.419
2025-04-22 21:45:19.878572,142.373,142.439
2025-04-22 21:45:20.385481,142.33,142.396
2025-04-22 21:45:20.894428,142.336,142.408
2025-04-22 21:45:21.392473,142.329,142.408
2025-04-22 21:45:22.898417,142.333,142.408
2025-04-22 21:45:23.393728,142.336,142.408
2025-04-22 21:45:24.386590,142.319,142.401
2025-04-22 21:45:24.894243,142.319,142.405
2025-04-22 21:45:25.393333,142.336,142.405
2025-04-22 21:45:27.896010,142.333,142.405
2025-04-22 21:45:28.895154,142.336,142.412
2025-04-22 21:45:29.383903,142.336,142.399
2025-04-22 21:45:31.384115,142.336,142.401
2025-04-22 21:45:32.897804,142.336,142.402
2025-04-22 21:45:33.894313,142.321,142.389
2025-04-22 21:45:34.396010,142.319,142.387
2025-04-22 21:45:35.890901,142.319,142.388
2025-04-22 21:45:37.895797,142.319,142.387
2025-04-22 21:45:43.883187,142.319,142.386
2025-04-22 21:45:44.382877,142.319,142.385
2025-04-22 21:45:46.894175,142.319,142.393
2025-04-22 21:45:47.896976,142.327,142.389
2025-04-22 21:45:49.390091,142.336,142.407
2025-04-22 21:45:50.393087,142.349,142.416
2025-04-22 21:45:50.894998,142.351,142.409
2025-04-22 21:45:53.392434,142.349,142.409
2025-04-22 21:45:53.897281,142.351,142.407
2025-04-22 21:45:54.387791,142.319,142.399
2025-04-22 21:45:55.895499,142.319,142.398
2025-04-22 21:45:56.889700,142.319,142.399
2025-04-22 21:45:57.395069,142.319,142.394
2025-04-22 21:45:57.890445,142.319,142.398
2025-04-22 21:45:58.888142,142.319,142.401
2025-04-22 21:45:59.895952,142.319,142.4
2025-04-22 21:46:00.889486,142.319,142.401
2025-04-22 21:46:01.383516,142.319,142.402
2025-04-22 21:46:01.896293,142.319,142.395
2025-04-22 21:46:03.385841,142.321,142.402
2025-04-22 21:46:18.914824,142.321,142.404
2025-04-22 21:46:19.941896,142.365,142.411
2025-04-22 21:46:20.433775,142.365,142.409
2025-04-22 21:46:22.459268,142.369,142.41
2025-04-22 21:46:22.950915,142.369,142.407
2025-04-22 21:46:25.457490,142.393,142.413
2025-04-22 21:46:26.455627,142.389,142.408
2025-04-22 21:46:26.945589,142.389,142.409
2025-04-22 21:46:27.462523,142.394,142.409
2025-04-22 21:46:27.971072,142.394,142.413
2025-04-22 21:46:28.979337,142.394,142.414
2025-04-22 21:46:32.479319,142.394,142.412
2025-04-22 21:46:35.491413,142.403,142.42
2025-04-22 21:46:36.977666,142.405,142.449
2025-04-22 21:46:37.985842,142.401,142.445
2025-04-22 21:46:38.490454,142.397,142.442
2025-04-22 21:46:38.977868,142.406,142.447
2025-04-22 21:46:39.477529,142.406,142.455
2025-04-22 21:46:42.486023,142.406,142.431
2025-04-22 21:46:43.477195,142.406,142.432
2025-04-22 21:46:44.990398,142.406,142.433
2025-04-22 21:46:45.481855,142.406,142.431
2025-04-22 21:46:45.984045,142.406,142.432
2025-04-22 21:46:46.477797,142.406,142.433
2025-04-22 21:46:46.981943,142.406,142.444
2025-04-22 21:46:49.480891,142.408,142.445
2025-04-22 21:46:51.991602,142.408,142.44
2025-04-22 21:46:52.996643,142.419,142.451
2025-04-22 21:46:55.503734,142.419,142.447
2025-04-22 21:46:56.509257,142.419,142.445
2025-04-22 21:47:03.024812,142.419,142.449
2025-04-22 21:47:05.533446,142.406,142.465
2025-04-22 21:47:07.531297,142.402,142.461
2025-04-22 21:47:08.529667,142.393,142.443
2025-04-22 21:47:09.028647,142.401,142.443
2025-04-22 21:47:10.537341,142.346,142.417
2025-04-22 21:47:11.029290,142.324,142.409
2025-04-22 21:47:13.554514,142.324,142.407
2025-04-22 21:47:14.046237,142.324,142.398
2025-04-22 21:47:15.543603,142.324,142.396
2025-04-22 21:47:16.545340,142.337,142.396
2025-04-22 21:47:17.049251,142.339,142.403
2025-04-22 21:47:17.554143,142.337,142.401
2025-04-22 21:47:20.045848,142.334,142.402
2025-04-22 21:47:20.552145,142.338,142.402
2025-04-22 21:47:22.041872,142.338,142.403
2025-04-22 21:47:23.538835,142.341,142.406
2025-04-22 21:47:25.545462,142.343,142.407
2025-04-22 21:47:26.050055,142.337,142.406
2025-04-22 21:47:26.543934,142.341,142.405
2025-04-22 21:47:30.044036,142.341,142.406
2025-04-22 21:47:31.571717,142.348,142.409
2025-04-22 21:47:32.577831,142.341,142.412
2025-04-22 21:47:34.091689,142.348,142.411
2025-04-22 21:47:34.574344,142.341,142.411
2025-04-22 21:47:36.578616,142.341,142.412
2025-04-22 21:47:43.072903,142.345,142.417
2025-04-22 21:47:43.577366,142.344,142.413
2025-04-22 21:47:44.084267,142.35,142.415
2025-04-22 21:47:44.580977,142.345,142.415
2025-04-22 21:47:47.581885,142.344,142.415
2025-04-22 21:47:49.593951,142.343,142.415
2025-04-22 21:47:50.590873,142.35,142.414
2025-04-22 21:47:51.589550,142.343,142.414
2025-04-22 21:47:52.090321,142.339,142.414
2025-04-22 21:47:53.589227,142.34,142.414
2025-04-22 21:47:54.596126,142.343,142.417
2025-04-22 21:47:56.086163,142.343,142.416
2025-04-22 21:47:58.592217,142.343,142.417
2025-04-22 21:48:01.096661,142.343,142.416
2025-04-22 21:48:01.590585,142.343,142.418
2025-04-22 21:48:02.594372,142.341,142.418
2025-04-22 21:48:03.586091,142.34,142.415
2025-04-22 21:48:04.094000,142.339,142.415
2025-04-22 21:48:04.601126,142.34,142.421
2025-04-22 21:48:05.592591,142.345,142.421
2025-04-22 21:48:06.088320,142.346,142.421
2025-04-22 21:48:06.591500,142.348,142.421
2025-04-22 21:48:10.610334,142.35,142.421
2025-04-22 21:48:11.606618,142.355,142.421
2025-04-22 21:48:13.601853,142.351,142.42
2025-04-22 21:48:14.107499,142.352,142.42
2025-04-22 21:48:14.607006,142.353,142.42
2025-04-22 21:48:15.108810,142.354,142.42
2025-04-22 21:48:15.601322,142.354,142.421
2025-04-22 21:48:16.109858,142.355,142.421
2025-04-22 21:48:16.602013,142.356,142.421
2025-04-22 21:48:21.616744,142.357,142.421
2025-04-22 21:48:23.625411,142.358,142.421
2025-04-22 21:48:25.618201,142.359,142.421
2025-04-22 21:48:27.118801,142.349,142.421
2025-04-22 21:48:28.122789,142.351,142.421
2025-04-22 21:48:31.127310,142.352,142.421
2025-04-22 21:48:31.621516,142.358,142.421
2025-04-22 21:48:32.629274,142.361,142.422
2025-04-22 21:48:34.125077,142.354,142.415
2025-04-22 21:48:35.117196,142.356,142.42
2025-04-22 21:48:36.617782,142.362,142.421
2025-04-22 21:48:38.623695,142.357,142.421
2025-04-22 21:48:39.132819,142.363,142.423
2025-04-22 21:48:40.146458,142.363,142.422
2025-04-22 21:48:41.641355,142.359,142.422
2025-04-22 21:48:42.141769,142.36,142.422
2025-04-22 21:48:43.140256,142.357,142.422
2025-04-22 21:48:43.645741,142.36,142.422
2025-04-22 21:48:46.638748,142.361,142.422
2025-04-22 21:48:47.644962,142.362,142.422
2025-04-22 21:48:48.145998,142.367,142.423
2025-04-22 21:48:51.641208,142.367,142.42
2025-04-22 21:48:52.136236,142.37,142.42
2025-04-22 21:48:52.637019,142.369,142.42
2025-04-22 21:48:53.638056,142.363,142.42
2025-04-22 21:48:54.143659,142.364,142.417
2025-04-22 21:48:56.638433,142.355,142.418
2025-04-22 21:48:59.137543,142.353,142.406
2025-04-22 21:48:59.638293,142.346,142.393
2025-04-22 21:49:00.640307,142.353,142.399
2025-04-22 21:49:01.139660,142.346,142.393
2025-04-22 21:49:02.140915,142.335,142.376
2025-04-22 21:49:02.640786,142.343,142.377
2025-04-22 21:49:03.138974,142.34,142.382
2025-04-22 21:49:04.647612,142.324,142.374
2025-04-22 21:49:05.132030,142.319,142.374
2025-04-22 21:49:07.642310,142.319,142.382
2025-04-22 21:49:08.642957,142.342,142.389
2025-04-22 21:49:10.639663,142.335,142.381
2025-04-22 21:49:11.632594,142.335,142.403
2025-04-22 21:49:14.638958,142.341,142.403
2025-04-22 21:49:15.141630,142.341,142.408
2025-04-22 21:49:15.642400,142.343,142.413
2025-04-22 21:49:16.145194,142.343,142.417
2025-04-22 21:49:17.640711,142.343,142.416
2025-04-22 21:49:22.138158,142.349,142.416
2025-04-22 21:49:22.637868,142.346,142.417
2025-04-22 21:49:23.140758,142.341,142.417
2025-04-22 21:49:27.134529,142.353,142.418
2025-04-22 21:49:27.637884,142.351,142.415
2025-04-22 21:49:28.142876,142.343,142.415
2025-04-22 21:49:30.636083,142.343,142.414
2025-04-22 21:49:32.144630,142.343,142.413
2025-04-22 21:49:33.639320,142.343,142.415
2025-04-22 21:49:35.140008,142.343,142.413
2025-04-22 21:49:36.642413,142.343,142.415
2025-04-22 21:49:37.140170,142.349,142.418
2025-04-22 21:49:37.640219,142.342,142.418
2025-04-22 21:49:39.637848,142.342,142.417
2025-04-22 21:49:40.139666,142.342,142.415
2025-04-22 21:49:40.642650,142.342,142.414
2025-04-22 21:49:41.135656,142.342,142.413
2025-04-22 21:49:47.634158,142.342,142.412
2025-04-22 21:49:51.171614,142.351,142.424
2025-04-22 21:49:52.166359,142.345,142.421
2025-04-22 21:49:55.185564,142.345,142.422
2025-04-22 21:49:55.681480,142.345,142.418
2025-04-22 21:49:56.688003,142.348,142.418
2025-04-22 21:49:57.686251,142.349,142.418
2025-04-22 21:50:02.692951,142.349,142.419
2025-04-22 21:50:09.194581,142.349,142.417
2025-04-22 21:50:09.696015,142.349,142.416
2025-04-22 21:50:10.695343,142.349,142.419
2025-04-22 21:50:24.703361,142.349,142.42
2025-04-22 21:50:29.707828,142.353,142.42
2025-04-22 21:50:31.208335,142.349,142.42
2025-04-22 21:50:32.710784,142.349,142.421
2025-04-22 21:50:33.216170,142.349,142.423
2025-04-22 21:50:41.714128,142.346,142.423
2025-04-22 21:50:55.723531,142.346,142.424
2025-04-22 21:51:02.219457,142.353,142.427
2025-04-22 21:51:03.724434,142.347,142.427
2025-04-22 21:51:11.210854,142.347,142.429
2025-04-22 21:51:13.213711,142.353,142.429
2025-04-22 21:51:13.714419,142.346,142.429
2025-04-22 21:51:16.219504,142.346,142.431
2025-04-22 21:51:21.713954,142.35,142.431
2025-04-22 21:51:31.713517,142.353,142.431
2025-04-22 21:51:32.212181,142.347,142.431
2025-04-22 21:51:35.723876,142.35,142.429
2025-04-22 21:51:39.725557,142.347,142.429
2025-04-22 21:51:42.726619,142.352,142.43
2025-04-22 21:51:48.753920,142.354,142.43
2025-04-22 21:51:49.250744,142.347,142.43
2025-04-22 21:51:49.749531,142.362,142.445
2025-04-22 21:51:51.754303,142.356,142.445
2025-04-22 21:51:52.756193,142.362,142.444
2025-04-22 21:51:53.255223,142.358,142.444
2025-04-22 21:51:54.744755,142.36,142.444
2025-04-22 21:51:55.746171,142.361,142.444
2025-04-22 21:51:56.246321,142.364,142.444
2025-04-22 21:51:59.753954,142.364,142.456
2025-04-22 21:52:00.754408,142.361,142.456
2025-04-22 21:52:04.758246,142.362,142.454
2025-04-22 21:52:06.276827,142.36,142.454
2025-04-22 21:52:07.287915,142.359,142.454
2025-04-22 21:52:08.288419,142.359,142.446
2025-04-22 21:52:13.291893,142.361,142.456
2025-04-22 21:52:14.796842,142.371,142.456
2025-04-22 21:52:15.799827,142.371,142.459
2025-04-22 21:52:17.296731,142.379,142.459
2025-04-22 21:52:18.800344,142.371,142.459
2025-04-22 21:52:22.295937,142.379,142.47
2025-04-22 21:52:25.338088,142.381,142.451
2025-04-22 21:52:26.843299,142.384,142.473
2025-04-22 21:52:27.345907,142.388,142.473
2025-04-22 21:52:27.845293,142.385,142.473
2025-04-22 21:52:29.848944,142.385,142.475
2025-04-22 21:52:31.337133,142.387,142.472
2025-04-22 21:52:32.336695,142.392,142.469
2025-04-22 21:52:33.342185,142.384,142.469
2025-04-22 21:52:34.341342,142.384,142.465
2025-04-22 21:52:36.843975,142.384,142.471
2025-04-22 21:52:39.843352,142.384,142.469
2025-04-22 21:52:40.840129,142.384,142.465
2025-04-22 21:52:41.841852,142.389,142.47
2025-04-22 21:52:42.849631,142.382,142.47
2025-04-22 21:52:43.851017,142.383,142.464
2025-04-22 21:52:45.340663,142.382,142.464
2025-04-22 21:52:46.837569,142.38,142.462
2025-04-22 21:52:48.349627,142.381,142.462
2025-04-22 21:52:49.842997,142.385,142.462
2025-04-22 21:52:55.338419,142.389,142.45
2025-04-22 21:52:56.852093,142.383,142.455
2025-04-22 21:52:57.866237,142.384,142.455
2025-04-22 21:52:58.375002,142.384,142.461
2025-04-22 21:52:59.379401,142.385,142.478
2025-04-22 21:52:59.880585,142.385,142.471
2025-04-22 21:53:01.366603,142.385,142.47
2025-04-22 21:53:02.380194,142.406,142.487
2025-04-22 21:53:02.874909,142.406,142.476
2025-04-22 21:53:03.366463,142.406,142.473
2025-04-22 21:53:03.875967,142.406,142.487
2025-04-22 21:53:04.374042,142.4,142.485
2025-04-22 21:53:04.873458,142.383,142.465
2025-04-22 21:53:05.374369,142.409,142.48
2025-04-22 21:53:06.878818,142.409,142.477
2025-04-22 21:53:07.378292,142.409,142.47
2025-04-22 21:53:07.877134,142.41,142.477
2025-04-22 21:53:08.375180,142.404,142.471
2025-04-22 21:53:08.877209,142.396,142.471
2025-04-22 21:53:13.378625,142.403,142.464
2025-04-22 21:53:14.382375,142.403,142.458
2025-04-22 21:53:16.878010,142.387,142.446
2025-04-22 21:53:17.382224,142.382,142.437
2025-04-22 21:53:17.867357,142.387,142.443
2025-04-22 21:53:20.369350,142.382,142.437
2025-04-22 21:53:22.877105,142.379,142.433
2025-04-22 21:53:23.381116,142.38,142.434
2025-04-22 21:53:23.867100,142.378,142.432
2025-04-22 21:53:26.381284,142.372,142.426
2025-04-22 21:53:27.877756,142.373,142.427
2025-04-22 21:53:28.375083,142.377,142.427
2025-04-22 21:53:28.879293,142.376,142.427
2025-04-22 21:53:33.894644,142.376,142.42
2025-04-22 21:53:37.928707,142.373,142.42
2025-04-22 21:53:38.418747,142.374,142.42
2025-04-22 21:53:42.414167,142.384,142.42
2025-04-22 21:53:43.913138,142.384,142.417
2025-04-22 21:53:44.425081,142.38,142.407
2025-04-22 21:53:44.925660,142.372,142.407
2025-04-22 21:53:45.927238,142.383,142.415
2025-04-22 21:53:46.434688,142.383,142.412
2025-04-22 21:53:46.932511,142.383,142.415
2025-04-22 21:53:51.253312,142.384,142.412
2025-04-22 21:53:55.750725,142.384,142.457
2025-04-22 21:53:56.250189,142.385,142.457
2025-04-22 21:53:59.755743,142.386,142.454
2025-04-22 21:54:01.751228,142.385,142.454
2025-04-22 21:54:04.753709,142.385,142.46
2025-04-22 21:54:05.750886,142.387,142.455
2025-04-22 21:54:11.743281,142.386,142.46
2025-04-22 21:54:12.252616,142.387,142.46
2025-04-22 21:54:16.760763,142.386,142.46
2025-04-22 21:54:17.253508,142.38,142.468
2025-04-22 21:54:20.244879,142.387,142.455
2025-04-22 21:54:21.256164,142.387,142.45
2025-04-22 21:54:25.787405,142.385,142.447
2025-04-22 21:54:26.773673,142.384,142.44
2025-04-22 21:54:27.789688,142.384,142.457
2025-04-22 21:54:31.792439,142.376,142.442
2025-04-22 21:54:34.307129,142.382,142.456
2025-04-22 21:54:37.810770,142.369,142.451
2025-04-22 21:54:38.311431,142.369,142.422
2025-04-22 21:54:38.805562,142.369,142.443
2025-04-22 21:54:39.319061,142.369,142.445
2025-04-22 21:54:39.820941,142.369,142.437
2025-04-22 21:54:40.316022,142.369,142.431
2025-04-22 21:54:40.813437,142.369,142.445
2025-04-22 21:54:41.313246,142.371,142.442
2025-04-22 21:54:41.811323,142.371,142.437
2025-04-22 21:54:42.807071,142.385,142.439
2025-04-22 21:54:43.309731,142.373,142.441
2025-04-22 21:54:45.312174,142.372,142.441
2025-04-22 21:54:45.806300,142.373,142.433
2025-04-22 21:54:46.809287,142.373,142.438
2025-04-22 21:54:47.308764,142.373,142.437
2025-04-22 21:54:47.814281,142.374,142.438
2025-04-22 21:54:48.316747,142.374,142.441
2025-04-22 21:54:48.807267,142.374,142.444
2025-04-22 21:54:50.312409,142.374,142.442
2025-04-22 21:54:50.818197,142.374,142.444
2025-04-22 21:54:52.314363,142.374,142.447
2025-04-22 21:54:52.815366,142.374,142.443
2025-04-22 21:54:53.316011,142.382,142.448
2025-04-22 21:54:53.818381,142.371,142.44
2025-04-22 21:54:54.317518,142.371,142.436
2025-04-22 21:54:54.814072,142.371,142.437
2025-04-22 21:54:55.312343,142.372,142.44
2025-04-22 21:54:55.815700,142.372,142.437
2025-04-22 21:54:57.807794,142.371,142.436
2025-04-22 21:54:58.309506,142.371,142.446
2025-04-22 21:54:59.309213,142.371,142.447
2025-04-22 21:54:59.819934,142.374,142.43
2025-04-22 21:55:00.336590,142.374,142.429
2025-04-22 21:55:00.842615,142.374,142.43
2025-04-22 21:55:01.345359,142.374,142.432
2025-04-22 21:55:02.846187,142.374,142.436
2025-04-22 21:55:03.339515,142.374,142.434
2025-04-22 21:55:04.837866,142.374,142.427
2025-04-22 21:55:05.841227,142.374,142.424
2025-04-22 21:55:07.337454,142.374,142.417
2025-04-22 21:55:07.838290,142.374,142.432
2025-04-22 21:55:08.340382,142.374,142.436
2025-04-22 21:55:08.843758,142.374,142.44
2025-04-22 21:55:09.845984,142.376,142.435
2025-04-22 21:55:10.343051,142.389,142.447
2025-04-22 21:55:11.347691,142.39,142.447
2025-04-22 21:55:12.337472,142.39,142.45
2025-04-22 21:55:12.840352,142.395,142.462
2025-04-22 21:55:13.343565,142.395,142.467
2025-04-22 21:55:13.847738,142.396,142.463
2025-04-22 21:55:14.844058,142.396,142.466
2025-04-22 21:55:15.842022,142.396,142.465
2025-04-22 21:55:16.838204,142.4,142.463
2025-04-22 21:55:18.347948,142.398,142.464
2025-04-22 21:55:18.845201,142.404,142.464
2025-04-22 21:55:19.344957,142.398,142.463
2025-04-22 21:55:20.336675,142.404,142.451
2025-04-22 21:55:21.837263,142.399,142.465
2025-04-22 21:55:22.339907,142.4,142.465
2025-04-22 21:55:24.346150,142.401,142.461
2025-04-22 21:55:25.847392,142.406,142.465
2025-04-22 21:55:26.350365,142.406,142.455
2025-04-22 21:55:26.848177,142.407,142.463
2025-04-22 21:55:28.338860,142.403,142.46
2025-04-22 21:55:28.837346,142.4,142.454
2025-04-22 21:55:29.339711,142.404,142.454
2025-04-22 21:55:29.851060,142.406,142.46
2025-04-22 21:55:30.351853,142.407,142.46
2025-04-22 21:55:30.860622,142.405,142.453
2025-04-22 21:55:31.355649,142.419,142.46
2025-04-22 21:55:31.852194,142.417,142.469
2025-04-22 21:55:33.359955,142.416,142.481
2025-04-22 21:55:34.361547,142.421,142.474
2025-04-22 21:55:36.356807,142.424,142.49
2025-04-22 21:55:50.862717,142.425,142.486
2025-04-22 21:55:52.355266,142.428,142.486
2025-04-22 21:55:52.865542,142.43,142.486
2025-04-22 21:55:53.366527,142.424,142.495
2025-04-22 21:55:53.858243,142.428,142.495
2025-04-22 21:55:54.361244,142.43,142.495
2025-04-22 21:55:55.364223,142.437,142.495
2025-04-22 21:55:56.857192,142.438,142.497
2025-04-22 21:55:57.360488,142.439,142.495
2025-04-22 21:55:58.356067,142.43,142.493
2025-04-22 21:56:04.361997,142.432,142.493
2025-04-22 21:56:04.867334,142.434,142.488
2025-04-22 21:56:07.373054,142.428,142.483
2025-04-22 21:56:07.870765,142.423,142.483
2025-04-22 21:56:10.369937,142.426,142.487
2025-04-22 21:56:11.376895,142.427,142.489
2025-04-22 21:56:11.876667,142.428,142.487
2025-04-22 21:56:12.870648,142.428,142.485
2025-04-22 21:56:13.381112,142.428,142.487
2025-04-22 21:56:13.881247,142.428,142.488
2025-04-22 21:56:15.369608,142.428,142.475
2025-04-22 21:56:17.880027,142.427,142.477
2025-04-22 21:56:18.379647,142.427,142.482
2025-04-22 21:56:22.379821,142.427,142.483
2025-04-22 21:56:23.380980,142.409,142.446
2025-04-22 21:56:24.868160,142.409,142.449
2025-04-22 21:56:25.379814,142.419,142.477
2025-04-22 21:56:25.868303,142.43,142.474
2025-04-22 21:56:27.375250,142.434,142.491
2025-04-22 21:56:27.871909,142.443,142.473
2025-04-22 21:56:28.373263,142.444,142.481
2025-04-22 21:56:28.873448,142.443,142.482
2025-04-22 21:56:29.871214,142.441,142.481
2025-04-22 21:56:30.873329,142.445,142.495
2025-04-22 21:56:31.370300,142.444,142.495
2025-04-22 21:56:31.872567,142.447,142.497
2025-04-22 21:56:32.371944,142.447,142.491
2025-04-22 21:56:33.371078,142.441,142.493
2025-04-22 21:56:34.879638,142.441,142.5
2025-04-22 21:56:35.375628,142.441,142.495
2025-04-22 21:56:36.881118,142.442,142.495
2025-04-22 21:56:37.385158,142.441,142.497
2025-04-22 21:56:46.378803,142.442,142.497
2025-04-22 21:56:46.873033,142.439,142.494
2025-04-22 21:56:52.605491,142.443,142.494
2025-04-22 21:56:53.604257,142.44,142.495
2025-04-22 21:56:59.104603,142.444,142.496
2025-04-22 21:56:59.612558,142.448,142.499
2025-04-22 21:57:02.612023,142.442,142.499
2025-04-22 21:57:03.100963,142.443,142.499
2025-04-22 21:57:04.105059,142.444,142.499
2025-04-22 21:57:04.610926,142.448,142.509
2025-04-22 21:57:05.612006,142.447,142.509
2025-04-22 21:57:06.611314,142.448,142.509
2025-04-22 21:57:09.603021,142.447,142.509
2025-04-22 21:57:10.104966,142.448,142.509
2025-04-22 21:57:11.113094,142.447,142.509
2025-04-22 21:57:11.609932,142.445,142.509
2025-04-22 21:57:15.613634,142.445,142.504
2025-04-22 21:57:16.113833,142.446,142.504
2025-04-22 21:57:16.620341,142.447,142.486
2025-04-22 21:57:17.123590,142.447,142.502
2025-04-22 21:57:19.132590,142.447,142.497
2025-04-22 21:57:21.630799,142.444,142.49
2025-04-22 21:57:22.130706,142.439,142.495
2025-04-22 21:57:23.141501,142.435,142.485
2025-04-22 21:57:23.644421,142.423,142.477
2025-04-22 21:57:24.139135,142.421,142.477
2025-04-22 21:57:24.646323,142.424,142.48
2025-04-22 21:57:25.147294,142.424,142.478
2025-04-22 21:57:25.635292,142.422,142.475
2025-04-22 21:57:26.650035,142.418,142.475
2025-04-22 21:57:27.158222,142.421,142.476
2025-04-22 21:57:29.154205,142.425,142.478
2025-04-22 21:57:31.153599,142.436,142.488
2025-04-22 21:57:32.154341,142.434,142.491
2025-04-22 21:57:34.153067,142.434,142.494
2025-04-22 21:57:35.163626,142.434,142.493
2025-04-22 21:57:36.666135,142.434,142.492
2025-04-22 21:57:42.173165,142.434,142.493
2025-04-22 21:57:46.675115,142.434,142.492
2025-04-22 21:57:49.671262,142.445,142.482
2025-04-22 21:57:50.673666,142.439,142.489
2025-04-22 21:57:51.178960,142.44,142.472
2025-04-22 21:57:52.675123,142.44,142.473
2025-04-22 21:57:53.174363,142.443,142.493
2025-04-22 21:57:53.676518,142.449,142.487
2025-04-22 21:57:56.666856,142.449,142.494
2025-04-22 21:57:58.171786,142.449,142.493
2025-04-22 21:58:02.175254,142.449,142.485
2025-04-22 21:58:02.679369,142.448,142.493
2025-04-22 21:58:03.164308,142.45,142.488
2025-04-22 21:58:04.176087,142.446,142.486
2025-04-22 21:58:05.679689,142.446,142.489
2025-04-22 21:58:10.682688,142.444,142.487
2025-04-22 21:58:11.685934,142.444,142.489
2025-04-22 21:58:13.185205,142.444,142.483
2025-04-22 21:58:14.185807,142.434,142.476
2025-04-22 21:58:14.688168,142.435,142.476
2025-04-22 21:58:15.188401,142.439,142.481
2025-04-22 21:58:19.199289,142.439,142.477
2025-04-22 21:58:19.699483,142.439,142.475
2025-04-22 21:58:21.198050,142.441,142.475
2025-04-22 21:58:21.699641,142.436,142.476
2025-04-22 21:58:25.725458,142.438,142.476
2025-04-22 21:58:28.213829,142.436,142.476
2025-04-22 21:58:28.712385,142.431,142.472
2025-04-22 21:58:29.223974,142.431,142.471
2025-04-22 21:58:30.223539,142.445,142.475
2025-04-22 21:58:30.723979,142.437,142.473
2025-04-22 21:58:31.221956,142.437,142.478
2025-04-22 21:58:32.721827,142.437,142.479
2025-04-22 21:58:34.238215,142.437,142.478
2025-04-22 21:58:34.738616,142.436,142.481
2025-04-22 21:58:35.229298,142.436,142.48
2025-04-22 21:58:36.236284,142.436,142.487
2025-04-22 21:58:38.231693,142.437,142.48
2025-04-22 21:58:38.731106,142.436,142.481
2025-04-22 21:58:39.235102,142.436,142.48
2025-04-22 21:58:39.738271,142.436,142.488
2025-04-22 21:58:40.234108,142.446,142.494
2025-04-22 21:58:40.736110,142.454,142.494
2025-04-22 21:58:41.733009,142.453,142.498
2025-04-22 21:58:42.735295,142.453,142.499
2025-04-22 21:58:43.233171,142.46,142.507
2025-04-22 21:58:43.729557,142.455,142.507
2025-04-22 21:58:44.741093,142.457,142.512
2025-04-22 21:58:45.739518,142.459,142.512
2025-04-22 21:58:46.237250,142.46,142.512
2025-04-22 21:58:47.736987,142.458,142.513
2025-04-22 21:58:48.239942,142.46,142.51
2025-04-22 21:58:48.730171,142.459,142.51
2025-04-22 21:58:49.732175,142.458,142.51
2025-04-22 21:58:52.229680,142.458,142.513
2025-04-22 21:58:53.728702,142.463,142.51
2025-04-22 21:58:55.233376,142.471,142.523
2025-04-22 21:58:56.233187,142.474,142.521
2025-04-22 21:58:58.236098,142.474,142.523
2025-04-22 21:58:58.737573,142.474,142.524
2025-04-22 21:59:01.743365,142.474,142.521
2025-04-22 21:59:06.245866,142.474,142.529
2025-04-22 21:59:10.255789,142.474,142.527
2025-04-22 21:59:18.246435,142.474,142.529
2025-04-22 21:59:19.245142,142.474,142.554
2025-04-22 21:59:19.742524,142.473,142.554
2025-04-22 21:59:20.256541,142.472,142.558
2025-04-22 21:59:21.757814,142.474,142.56
2025-04-22 21:59:22.257135,142.472,142.56
2025-04-22 21:59:22.757865,142.472,142.558
2025-04-22 21:59:23.758306,142.475,142.559
2025-04-22 21:59:24.272361,142.473,142.562
2025-04-22 21:59:24.760031,142.473,142.557
2025-04-22 21:59:26.257686,142.475,142.566
2025-04-22 21:59:28.268350,142.475,142.559
2025-04-22 21:59:28.764247,142.474,142.54
2025-04-22 21:59:30.261400,142.474,142.556
2025-04-22 21:59:30.758290,142.474,142.54
2025-04-22 21:59:31.262873,142.474,142.541
2025-04-22 21:59:32.261734,142.474,142.561
2025-04-22 21:59:32.766244,142.492,142.562
2025-04-22 21:59:33.762809,142.491,142.559
2025-04-22 21:59:34.261169,142.493,142.583
2025-04-22 21:59:34.760460,142.504,142.58
2025-04-22 21:59:36.259971,142.496,142.581
2025-04-22 21:59:36.765541,142.504,142.582
2025-04-22 21:59:37.265709,142.5,142.585
2025-04-22 21:59:37.760111,142.499,142.585
2025-04-22 21:59:38.262836,142.499,142.584
2025-04-22 21:59:38.760251,142.504,142.607
2025-04-22 21:59:40.266006,142.491,142.613
2025-04-22 21:59:40.762482,142.496,142.62
2025-04-22 21:59:41.260877,142.503,142.619
2025-04-22 21:59:42.269482,142.519,142.626
2025-04-22 21:59:43.262808,142.516,142.626
2025-04-22 21:59:44.262197,142.518,142.626
2025-04-22 21:59:44.765045,142.514,142.626
2025-04-22 21:59:45.766411,142.523,142.652
2025-04-22 21:59:47.263782,142.493,142.591
2025-04-22 21:59:47.761849,142.5,142.599
2025-04-22 21:59:48.258448,142.502,142.599
2025-04-22 21:59:48.759883,142.503,142.599
2025-04-22 21:59:49.259584,142.506,142.632
2025-04-22 21:59:49.764055,142.507,142.632
2025-04-22 21:59:50.264068,142.504,142.632
2025-04-22 21:59:51.266674,142.505,142.652
2025-04-22 21:59:52.266146,142.517,142.669
2025-04-22 21:59:53.267378,142.503,142.6
2025-04-22 21:59:53.765804,142.51,142.627
2025-04-22 21:59:54.263020,142.503,142.6
2025-04-22 21:59:54.764286,142.505,142.618
2025-04-22 21:59:55.270963,142.507,142.618
2025-04-22 21:59:55.770335,142.508,142.636
2025-04-22 21:59:56.269507,142.508,142.641
2025-04-22 21:59:56.768036,142.505,142.641
2025-04-22 21:59:57.272448,142.514,142.662
2025-04-22 21:59:57.787787,142.518,142.672
2025-04-22 21:59:58.274822,142.514,142.668
2025-04-22 21:59:58.774798,142.521,142.656
2025-04-22 21:59:59.511893,142.52,142.6
2025-04-22 22:00:00.055445,142.521,142.635
2025-04-22 22:00:00.574634,142.723,142.739
2025-04-22 22:00:01.208363,142.81,142.905
2025-04-22 22:00:01.549667,142.81,142.885
2025-04-22 22:00:01.780945,142.804,142.895
2025-04-22 22:00:02.087003,142.808,142.848
2025-04-22 22:00:02.367402,142.804,142.848
2025-04-22 22:00:02.601921,142.805,142.853
2025-04-22 22:00:03.228859,142.808,142.928
2025-04-22 22:00:03.772017,142.823,142.925
2025-04-22 22:00:04.264129,142.825,142.928
2025-04-22 22:00:04.759288,142.832,142.935
2025-04-22 22:00:05.265491,142.851,142.956
2025-04-22 22:00:05.768864,142.853,142.956
2025-04-22 22:00:06.259429,142.834,142.937
2025-04-22 22:00:06.809746,142.825,142.928
2025-04-22 22:00:07.223125,142.829,142.893
2025-04-22 22:00:08.097299,142.824,142.894
2025-04-22 22:00:08.442157,142.809,142.891
2025-04-22 22:00:09.009396,142.811,142.914
2025-04-22 22:00:09.869839,142.781,142.846
2025-04-22 22:00:10.476339,142.826,142.855
2025-04-22 22:00:11.078685,142.793,142.855
2025-04-22 22:00:11.814243,142.777,142.845
2025-04-22 22:00:12.712607,142.777,142.867
2025-04-22 22:00:13.310107,142.765,142.867
2025-04-22 22:00:14.228972,142.763,142.874
2025-04-22 22:00:15.620030,142.768,142.871
2025-04-22 22:00:16.573688,142.763,142.866
2025-04-22 22:00:16.729826,142.758,142.849
2025-04-22 22:00:17.666839,142.745,142.835
2025-04-22 22:00:18.951662,142.745,142.815
2025-04-22 22:00:19.193156,142.77,142.873
2025-04-22 22:00:19.712458,142.771,142.874
2025-04-22 22:00:19.988470,142.751,142.841
2025-04-22 22:00:20.532538,142.75,142.841
2025-04-22 22:00:21.279285,142.755,142.841
2025-04-22 22:00:21.709607,142.769,142.872
2025-04-22 22:00:22.205549,142.77,142.873
2025-04-22 22:00:22.867495,142.808,142.848
2025-04-22 22:00:23.613124,142.823,142.874
2025-04-22 22:00:23.908826,142.86,142.923
2025-04-22 22:00:24.453701,142.868,142.923
2025-04-22 22:00:24.816213,142.818,142.859
2025-04-22 22:00:25.253202,142.846,142.885
2025-04-22 22:00:25.833031,142.832,142.866
2025-04-22 22:00:26.218345,142.864,142.912
2025-04-22 22:00:26.544777,142.878,142.951
2025-04-22 22:00:26.877916,142.878,142.943
2025-04-22 22:00:27.412583,142.865,142.919
2025-04-22 22:00:28.694097,142.85,142.877
2025-04-22 22:00:28.997445,142.872,142.929
2025-04-22 22:00:29.446632,142.902,142.946
2025-04-22 22:00:29.625021,142.927,143.005
2025-04-22 22:00:30.132754,142.917,142.985
2025-04-22 22:00:30.752488,142.917,142.968
2025-04-22 22:00:31.609241,142.917,142.964
2025-04-22 22:00:32.214671,142.902,142.915
2025-04-22 22:00:32.523455,142.912,142.935
2025-04-22 22:00:33.256647,142.917,142.967
2025-04-22 22:00:33.642203,142.963,142.994
2025-04-22 22:00:34.351484,142.96,143.025
2025-04-22 22:00:34.798432,142.962,143.027
2025-04-22 22:00:34.942623,142.965,142.992
2025-04-22 22:00:35.198396,142.969,142.992
2025-04-22 22:00:35.560589,142.979,143.004
2025-04-22 22:00:35.880719,142.975,143.037
2025-04-22 22:00:35.975418,142.968,143.031
2025-04-22 22:00:36.551363,142.973,143.028
2025-04-22 22:00:36.928289,142.973,143.006
2025-04-22 22:00:37.212337,142.99,143.012
2025-04-22 22:00:37.725343,142.992,143.039
2025-04-22 22:00:38.250551,142.988,143.04
2025-04-22 22:00:38.862583,142.978,142.99
2025-04-22 22:00:39.219413,142.971,142.986
2025-04-22 22:00:39.983846,142.978,142.991
2025-04-22 22:00:40.516402,142.975,142.991
2025-04-22 22:00:40.703188,142.971,142.983
2025-04-22 22:00:41.326088,142.929,142.941
2025-04-22 22:00:41.817490,142.958,142.971
2025-04-22 22:00:42.604786,142.961,142.973
2025-04-22 22:00:43.300687,142.975,142.987
2025-04-22 22:00:43.725033,142.96,142.976
2025-04-22 22:00:45.091478,142.94,142.955
2025-04-22 22:00:45.653843,142.906,142.92
2025-04-22 22:00:46.392199,142.878,142.895
2025-04-22 22:00:47.223719,142.87,142.892
2025-04-22 22:00:47.721640,142.879,142.892
2025-04-22 22:00:48.466846,142.874,142.894
2025-04-22 22:00:48.937140,142.855,142.889
2025-04-22 22:00:49.400728,142.815,142.845
2025-04-22 22:00:49.884328,142.832,142.864
2025-04-22 22:00:50.677457,142.835,142.858
2025-04-22 22:00:51.402305,142.837,142.876
2025-04-22 22:00:52.792563,142.834,142.875
2025-04-22 22:00:53.022444,142.851,142.877
2025-04-22 22:00:53.625193,142.86,142.878
2025-04-22 22:00:54.444945,142.869,142.902
2025-04-22 22:00:55.169414,142.868,142.885
2025-04-22 22:00:56.436298,142.868,142.886
2025-04-22 22:00:56.968588,142.884,142.915
2025-04-22 22:00:57.441453,142.869,142.898
2025-04-22 22:00:57.955572,142.868,142.897
2025-04-22 22:00:58.763177,142.886,142.915
2025-04-22 22:00:59.395451,142.89,142.918
2025-04-22 22:00:59.943758,142.917,142.936
2025-04-22 22:01:00.461232,142.908,142.928
2025-04-22 22:01:01.226647,142.902,142.922
2025-04-22 22:01:01.792806,142.868,142.888
2025-04-22 22:01:02.555237,142.887,142.902
2025-04-22 22:01:03.300121,142.897,142.912
2025-04-22 22:01:03.749525,142.882,142.899
2025-04-22 22:01:04.368072,142.882,142.898
2025-04-22 22:01:05.537428,142.832,142.864
2025-04-22 22:01:06.003619,142.845,142.874
2025-04-22 22:01:07.358238,142.845,142.872
2025-04-22 22:01:08.246257,142.851,142.874
2025-04-22 22:01:08.601686,142.851,142.872
2025-04-22 22:01:09.287835,142.851,142.876
2025-04-22 22:01:09.664165,142.875,142.887
2025-04-22 22:01:10.419816,142.873,142.886
2025-04-22 22:01:11.115853,142.855,142.867
2025-04-22 22:01:11.610206,142.851,142.869
2025-04-22 22:01:12.443779,142.853,142.867
2025-04-22 22:01:12.963545,142.843,142.867
2025-04-22 22:01:13.758018,142.839,142.864
2025-04-22 22:01:14.414011,142.844,142.867
2025-04-22 22:01:15.433097,142.842,142.865
2025-04-22 22:01:15.644986,142.844,142.864
2025-04-22 22:01:16.139849,142.86,142.873
2025-04-22 22:01:16.749632,142.863,142.876
2025-04-22 22:01:18.134681,142.86,142.875
2025-04-22 22:01:18.826003,142.862,142.874
2025-04-22 22:01:19.293581,142.846,142.869
2025-04-22 22:01:19.986621,142.845,142.864
2025-04-22 22:01:20.741875,142.845,142.865
2025-04-22 22:01:20.827849,142.826,142.856
2025-04-22 22:01:21.790793,142.824,142.84
2025-04-22 22:01:22.614446,142.823,142.852
2025-04-22 22:01:23.656582,142.816,142.841
2025-04-22 22:01:35.882449,142.852,142.87
2025-04-22 22:01:36.510775,142.855,142.87
2025-04-22 22:01:36.724609,142.852,142.871
2025-04-22 22:01:38.337636,142.852,142.873
2025-04-22 22:01:39.001773,142.841,142.868
2025-04-22 22:01:41.403247,142.845,142.864
2025-04-22 22:01:41.621073,142.836,142.86
2025-04-22 22:01:42.315536,142.836,142.856
2025-04-22 22:01:43.228595,142.825,142.855
2025-04-22 22:01:44.007070,142.82,142.855
2025-04-22 22:01:44.730791,142.816,142.853
2025-04-22 22:01:45.281568,142.802,142.833
2025-04-22 22:01:46.750430,142.802,142.834
2025-04-22 22:01:47.395807,142.801,142.828
2025-04-22 22:01:48.393159,142.796,142.822
2025-04-22 22:01:49.468186,142.779,142.805
2025-04-22 22:01:49.886020,142.773,142.8
2025-04-22 22:01:50.552504,142.773,142.803
2025-04-22 22:01:51.765984,142.767,142.802
2025-04-22 22:01:52.332043,142.767,142.789
2025-04-22 22:01:53.715968,142.765,142.802
2025-04-22 22:01:54.205717,142.765,142.8
2025-04-22 22:01:54.825329,142.762,142.796
2025-04-22 22:01:55.392203,142.746,142.782
2025-04-22 22:01:55.774835,142.742,142.773
2025-04-22 22:01:55.942382,142.742,142.76
2025-04-22 22:01:56.802633,142.749,142.777
2025-04-22 22:01:57.836079,142.749,142.776
2025-04-22 22:01:58.858525,142.741,142.77
2025-04-22 22:01:58.936763,142.738,142.77
2025-04-22 22:01:59.203281,142.743,142.767
2025-04-22 22:01:59.437738,142.751,142.771
2025-04-22 22:02:00.420961,142.768,142.792
2025-04-22 22:02:00.698211,142.768,142.789
2025-04-22 22:02:01.017820,142.768,142.792
2025-04-22 22:02:01.598136,142.769,142.792
2025-04-22 22:02:02.915809,142.772,142.788
2025-04-22 22:02:03.686161,142.791,142.808
2025-04-22 22:02:05.041426,142.791,142.809
2025-04-22 22:02:05.888806,142.791,142.812
2025-04-22 22:02:06.986651,142.784,142.802
2025-04-22 22:02:07.346118,142.773,142.802
2025-04-22 22:02:08.186294,142.752,142.775
2025-04-22 22:02:08.598535,142.726,142.753
2025-04-22 22:02:09.363579,142.726,142.754
2025-04-22 22:02:09.776074,142.723,142.756
2025-04-22 22:02:10.500211,142.72,142.756
2025-04-22 22:02:11.169217,142.72,142.757
2025-04-22 22:02:11.803396,142.724,142.755
2025-04-22 22:02:12.007715,142.724,142.76
2025-04-22 22:02:12.850583,142.724,142.757
2025-04-22 22:02:13.720145,142.734,142.757
2025-04-22 22:02:13.950728,142.736,142.765
2025-04-22 22:02:14.244613,142.752,142.785
2025-04-22 22:02:14.491110,142.75,142.785
2025-04-22 22:02:14.811133,142.787,142.807
2025-04-22 22:02:15.359290,142.787,142.806
2025-04-22 22:02:17.996551,142.78,142.8
2025-04-22 22:02:18.567286,142.798,142.815
2025-04-22 22:02:20.225427,142.798,142.816
2025-04-22 22:02:21.291556,142.796,142.809
2025-04-22 22:02:22.192748,142.786,142.807
2025-04-22 22:02:23.189142,142.775,142.808
2025-04-22 22:02:23.729529,142.801,142.829
2025-04-22 22:02:24.919864,142.801,142.821
2025-04-22 22:02:26.223168,142.801,142.82
2025-04-22 22:02:26.343343,142.793,142.813
2025-04-22 22:02:27.648955,142.793,142.808
2025-04-22 22:02:28.677818,142.798,142.817
2025-04-22 22:02:29.364886,142.8,142.818
2025-04-22 22:02:30.493507,142.813,142.83
2025-04-22 22:02:32.137934,142.825,142.844
2025-04-22 22:02:32.853076,142.824,142.836
2025-04-22 22:02:33.690988,142.829,142.841
2025-04-22 22:02:34.932935,142.824,142.842
2025-04-22 22:02:35.809790,142.819,142.831
2025-04-22 22:02:36.348406,142.814,142.83
2025-04-22 22:02:36.915043,142.806,142.821
2025-04-22 22:02:37.141620,142.806,142.826
2025-04-22 22:02:37.755284,142.814,142.831
2025-04-22 22:02:38.862014,142.807,142.821
2025-04-22 22:02:40.161848,142.792,142.819
2025-04-22 22:02:41.766356,142.789,142.816
2025-04-22 22:02:41.997873,142.789,142.811
2025-04-22 22:02:42.367626,142.789,142.817
2025-04-22 22:02:43.511211,142.798,142.819
2025-04-22 22:02:43.744632,142.806,142.82
2025-04-22 22:02:44.256105,142.805,142.817
2025-04-22 22:02:44.656122,142.814,142.831
2025-04-22 22:02:44.851815,142.822,142.835
2025-04-22 22:02:45.397345,142.836,142.848
2025-04-22 22:02:45.928225,142.826,142.855
2025-04-22 22:02:46.463483,142.821,142.837
2025-04-22 22:02:46.917626,142.822,142.853
2025-04-22 22:02:47.511528,142.821,142.834
2025-04-22 22:02:48.637112,142.816,142.834
2025-04-22 22:02:50.344548,142.819,142.834
2025-04-22 22:02:51.144630,142.822,142.834
2025-04-22 22:02:51.551446,142.825,142.852
2025-04-22 22:02:52.102792,142.846,142.874
2025-04-22 22:02:52.611980,142.838,142.864
2025-04-22 22:02:53.111557,142.838,142.862
2025-04-22 22:02:53.845398,142.838,142.864
2025-04-22 22:02:54.295197,142.837,142.858
2025-04-22 22:02:54.834343,142.829,142.853
2025-04-22 22:02:55.308546,142.858,142.88
2025-04-22 22:02:55.998404,142.862,142.887
2025-04-22 22:02:56.495115,142.864,142.893
2025-04-22 22:02:57.673031,142.876,142.908
2025-04-22 22:02:58.041900,142.872,142.904
2025-04-22 22:02:58.809342,142.858,142.885
2025-04-22 22:02:59.536678,142.868,142.897
2025-04-22 22:03:00.296092,142.868,142.893
2025-04-22 22:03:00.767186,142.875,142.905
2025-04-22 22:03:01.624794,142.873,142.902
2025-04-22 22:03:02.196350,142.872,142.902
2025-04-22 22:03:02.743320,142.87,142.901
2025-04-22 22:03:03.430986,142.863,142.875
2025-04-22 22:03:03.930219,142.84,142.854
2025-04-22 22:03:04.963264,142.876,142.889
2025-04-22 22:03:05.799550,142.877,142.89
2025-04-22 22:03:06.709668,142.883,142.906
2025-04-22 22:03:07.737376,142.882,142.896
2025-04-22 22:03:08.438087,142.856,142.872
2025-04-22 22:03:10.631654,142.856,142.884
2025-04-22 22:03:11.557444,142.868,142.893
2025-04-22 22:03:12.291158,142.88,142.904
2025-04-22 22:03:12.997166,142.881,142.903
2025-04-22 22:03:13.325875,142.882,142.902
2025-04-22 22:03:13.526342,142.882,142.904
2025-04-22 22:03:14.214423,142.881,142.905
2025-04-22 22:03:14.824664,142.882,142.905
2025-04-22 22:03:15.169082,142.882,142.903
2025-04-22 22:03:15.442302,142.889,142.907
2025-04-22 22:03:15.686258,142.889,142.905
2025-04-22 22:03:15.947461,142.893,142.908
2025-04-22 22:03:16.521977,142.895,142.907
2025-04-22 22:03:16.986936,142.894,142.908
2025-04-22 22:03:17.378157,142.889,142.905
2025-04-22 22:03:18.153556,142.889,142.908
2025-04-22 22:03:18.563960,142.887,142.903
2025-04-22 22:03:18.828226,142.888,142.906
2025-04-22 22:03:19.448102,142.878,142.9
2025-04-22 22:03:19.730305,142.862,142.881
2025-04-22 22:03:20.229713,142.889,142.911
2025-04-22 22:03:20.988781,142.89,142.908
2025-04-22 22:03:21.176331,142.888,142.907
2025-04-22 22:03:21.240933,142.886,142.905
2025-04-22 22:03:21.457978,142.892,142.915
2025-04-22 22:03:21.688963,142.887,142.91
2025-04-22 22:03:21.863727,142.888,142.911
2025-04-22 22:03:23.379093,142.888,142.906
2025-04-22 22:03:23.978142,142.901,142.917
2025-04-22 22:03:24.447840,142.906,142.922
2025-04-22 22:03:25.448906,142.902,142.923
2025-04-22 22:03:25.965733,142.932,142.954
2025-04-22 22:03:27.116316,142.928,142.955
2025-04-22 22:03:27.933591,142.918,142.945
2025-04-22 22:03:28.150959,142.918,142.935
2025-04-22 22:03:28.659175,142.918,142.943
2025-04-22 22:03:29.344027,142.924,142.941
2025-04-22 22:03:29.886138,142.927,142.946
2025-04-22 22:03:30.447953,142.931,142.948
2025-04-22 22:03:31.064202,142.923,142.942
2025-04-22 22:03:31.650525,142.922,142.946
2025-04-22 22:03:32.151542,142.92,142.943
2025-04-22 22:03:32.993879,142.922,142.943
2025-04-22 22:03:33.687818,142.922,142.94
2025-04-22 22:03:35.912994,142.922,142.942
2025-04-22 22:03:36.108419,142.922,142.946
2025-04-22 22:03:36.535561,142.934,142.951
2025-04-22 22:03:37.339244,142.934,142.95
2025-04-22 22:03:37.452354,142.936,142.95
2025-04-22 22:03:37.999430,142.932,142.952
2025-04-22 22:03:40.036403,142.934,142.952
2025-04-22 22:03:40.918061,142.932,142.952
2025-04-22 22:03:41.813747,142.932,142.953
2025-04-22 22:03:42.591227,142.932,142.954
2025-04-22 22:03:43.371016,142.935,142.955
2025-04-22 22:03:43.689016,142.939,142.954
2025-04-22 22:03:44.185300,142.937,142.954
2025-04-22 22:03:44.778489,142.935,142.954
2025-04-22 22:03:46.311031,142.948,142.962
2025-04-22 22:03:46.734969,142.965,142.984
2025-04-22 22:03:46.995823,142.968,142.985
2025-04-22 22:03:47.659801,142.975,142.995
2025-04-22 22:03:48.037188,142.974,142.995
2025-04-22 22:03:48.311631,142.981,142.999
2025-04-22 22:03:48.591330,142.988,143.008
2025-04-22 22:03:49.325721,142.993,143.007
2025-04-22 22:03:49.615216,142.993,143.008
2025-04-22 22:03:50.135318,142.985,143.002
2025-04-22 22:03:51.002115,142.985,143.003
2025-04-22 22:03:51.289511,142.985,143.004
2025-04-22 22:03:51.615085,142.985,143.005
2025-04-22 22:03:52.193798,142.989,143.013
2025-04-22 22:03:52.743962,142.989,143.011
2025-04-22 22:03:53.866474,142.982,143.004
2025-04-22 22:03:55.426343,142.982,143.0
2025-04-22 22:03:56.660239,142.982,143.001
2025-04-22 22:03:57.675527,142.975,142.997
2025-04-22 22:03:58.289092,142.963,142.981
2025-04-22 22:03:58.946919,142.957,142.98
2025-04-22 22:03:59.725987,142.942,142.965
2025-04-22 22:04:00.215929,142.916,142.939
2025-04-22 22:04:01.838948,142.92,142.946
2025-04-22 22:04:02.541309,142.925,142.949
2025-04-22 22:04:03.549561,142.925,142.946
2025-04-22 22:04:04.049258,142.932,142.948
2025-04-22 22:04:04.422563,142.914,142.931
2025-04-22 22:04:05.407018,142.891,142.904
2025-04-22 22:04:05.691239,142.882,142.904
2025-04-22 22:04:06.501975,142.882,142.905
2025-04-22 22:04:07.223582,142.906,142.93
2025-04-22 22:04:07.693038,142.899,142.922
2025-04-22 22:04:09.133180,142.902,142.926
2025-04-22 22:04:09.579108,142.914,142.94
2025-04-22 22:04:10.764142,142.918,142.94
2025-04-22 22:04:12.360298,142.903,142.928
2025-04-22 22:04:12.867760,142.903,142.927
2025-04-22 22:04:13.195820,142.912,142.936
2025-04-22 22:04:14.521898,142.91,142.937
2025-04-22 22:04:15.355881,142.91,142.936
2025-04-22 22:04:16.113098,142.907,142.935
2025-04-22 22:04:17.188457,142.903,142.931
2025-04-22 22:04:18.133215,142.903,142.928
2025-04-22 22:04:18.899580,142.898,142.917
2025-04-22 22:04:19.903976,142.881,142.903
2025-04-22 22:04:20.147832,142.881,142.907
2025-04-22 22:04:20.571894,142.881,142.905
2025-04-22 22:04:23.030886,142.868,142.888
2025-04-22 22:04:24.156838,142.868,142.886
2025-04-22 22:04:24.663588,142.857,142.869
2025-04-22 22:04:25.288790,142.865,142.883
2025-04-22 22:04:25.961198,142.862,142.886
2025-04-22 22:04:26.724911,142.865,142.887
2025-04-22 22:04:27.056125,142.862,142.883
2025-04-22 22:04:28.292363,142.862,142.884
2025-04-22 22:04:29.314411,142.865,142.879
2025-04-22 22:04:29.691371,142.865,142.884
2025-04-22 22:04:30.046307,142.847,142.862
2025-04-22 22:04:30.281244,142.847,142.863
2025-04-22 22:04:32.082261,142.852,142.87
2025-04-22 22:04:32.659621,142.863,142.878
2025-04-22 22:04:33.848898,142.866,142.885
2025-04-22 22:04:34.461037,142.893,142.905
2025-04-22 22:04:35.017944,142.9,142.913
2025-04-22 22:04:35.519005,142.899,142.911
2025-04-22 22:04:35.899824,142.9,142.914
2025-04-22 22:04:36.751734,142.9,142.912
2025-04-22 22:04:37.518915,142.902,142.914
2025-04-22 22:04:38.726545,142.92,142.937
2025-04-22 22:04:39.672587,142.92,142.936
2025-04-22 22:04:40.164316,142.925,142.94
2025-04-22 22:04:41.544903,142.955,142.973
2025-04-22 22:04:42.256405,142.95,142.971
2025-04-22 22:04:43.175093,142.947,142.974
2025-04-22 22:04:43.586280,142.947,142.97
2025-04-22 22:04:44.827127,142.945,142.97
2025-04-22 22:04:45.326123,142.946,142.97
2025-04-22 22:04:46.125530,142.936,142.956
2025-04-22 22:04:46.634262,142.941,142.961
2025-04-22 22:04:47.474060,142.934,142.951
2025-04-22 22:04:49.186904,142.934,142.949
2025-04-22 22:04:50.045225,142.936,142.962
2025-04-22 22:04:50.350786,142.927,142.957
2025-04-22 22:04:50.949799,142.927,142.953
2025-04-22 22:04:51.819137,142.929,142.95
2025-04-22 22:04:52.498439,142.929,142.949
2025-04-22 22:04:53.505672,142.923,142.949
2025-04-22 22:04:54.395588,142.921,142.944
2025-04-22 22:04:55.723203,142.924,142.945
2025-04-22 22:04:56.213321,142.939,142.961
2025-04-22 22:04:56.940954,142.936,142.961
2025-04-22 22:04:57.434951,142.926,142.943
2025-04-22 22:04:58.484070,142.923,142.943
2025-04-22 22:04:59.461461,142.918,142.941
2025-04-22 22:04:59.702538,142.906,142.925
2025-04-22 22:05:01.163120,142.901,142.916
2025-04-22 22:05:01.670223,142.914,142.931
2025-04-22 22:05:02.047192,142.919,142.935
2025-04-22 22:05:02.510966,142.92,142.936
2025-04-22 22:05:03.448601,142.936,142.955
2025-04-22 22:05:04.339670,142.936,142.956
2025-04-22 22:05:05.405317,142.937,142.957
2025-04-22 22:05:05.971275,142.934,142.951
2025-04-22 22:05:06.722188,142.93,142.95
2025-04-22 22:05:07.321169,142.932,142.945
2025-04-22 22:05:07.828899,142.909,142.923
2025-04-22 22:05:09.362682,142.923,142.939
2025-04-22 22:05:09.867541,142.923,142.941
2025-04-22 22:05:10.687252,142.917,142.929
2025-04-22 22:05:11.260538,142.906,142.918
2025-04-22 22:05:11.786367,142.91,142.922
2025-04-22 22:05:12.729759,142.906,142.918
2025-04-22 22:05:13.711248,142.897,142.909
2025-04-22 22:05:14.738859,142.897,142.917
2025-04-22 22:05:18.174014,142.899,142.916
2025-04-22 22:05:19.000869,142.889,142.909
2025-04-22 22:05:19.466527,142.889,142.907
2025-04-22 22:05:19.782126,142.899,142.917
2025-04-22 22:05:20.225616,142.901,142.919
2025-04-22 22:05:20.735522,142.901,142.918
2025-04-22 22:05:21.955936,142.901,142.92
2025-04-22 22:05:22.771740,142.901,142.919
2025-04-22 22:05:23.683285,142.903,142.915
2025-04-22 22:05:23.978442,142.904,142.916
2025-04-22 22:05:24.799182,142.913,142.931
2025-04-22 22:05:25.296296,142.915,142.933
2025-04-22 22:05:26.162111,142.915,142.934
2025-04-22 22:05:26.895506,142.915,142.93
2025-04-22 22:05:28.348469,142.915,142.933
2025-04-22 22:05:29.224250,142.916,142.936
2025-04-22 22:05:30.967362,142.907,142.919
2025-04-22 22:05:32.236249,142.91,142.922
2025-04-22 22:05:32.872190,142.908,142.92
2025-04-22 22:05:33.548516,142.909,142.921
2025-04-22 22:05:34.113185,142.891,142.907
2025-04-22 22:05:34.297679,142.869,142.884
2025-04-22 22:05:34.899209,142.852,142.864
2025-04-22 22:05:35.667118,142.851,142.863
2025-04-22 22:05:36.132253,142.851,142.864
2025-04-22 22:05:36.892277,142.845,142.857
2025-04-22 22:05:38.175344,142.863,142.875
2025-04-22 22:05:38.861411,142.878,142.892
2025-04-22 22:05:39.233024,142.876,142.893
2025-04-22 22:05:39.902633,142.879,142.892
2025-04-22 22:05:40.994959,142.891,142.911
2025-04-22 22:05:44.079279,142.896,142.912
2025-04-22 22:05:44.395650,142.902,142.922
2025-04-22 22:05:45.275436,142.897,142.915
2025-04-22 22:05:45.447742,142.897,142.914
2025-04-22 22:05:46.374004,142.893,142.911
2025-04-22 22:05:47.303015,142.899,142.914
2025-04-22 22:05:48.848409,142.899,142.92
2025-04-22 22:05:49.635600,142.899,142.918
2025-04-22 22:05:50.230275,142.893,142.918
2025-04-22 22:05:50.989516,142.909,142.93
2025-04-22 22:05:51.635130,142.919,142.937
2025-04-22 22:05:51.945333,142.919,142.939
2025-04-22 22:05:52.494653,142.902,142.928
2025-04-22 22:05:53.089327,142.907,142.92
2025-04-22 22:05:54.542826,142.893,142.914
2025-04-22 22:05:55.016518,142.873,142.894
2025-04-22 22:05:56.011371,142.874,142.896
2025-04-22 22:05:56.510606,142.874,142.889
2025-04-22 22:05:57.009579,142.874,142.898
2025-04-22 22:05:59.819200,142.883,142.9
2025-04-22 22:06:01.988889,142.895,142.907
2025-04-22 22:06:02.537939,142.889,142.904
2025-04-22 22:06:03.305157,142.889,142.909
2025-04-22 22:06:04.148658,142.89,142.91
2025-04-22 22:06:04.909866,142.893,142.908
2025-04-22 22:06:05.127525,142.907,142.92
2025-04-22 22:06:05.796182,142.907,142.921
2025-04-22 22:06:06.375914,142.907,142.919
2025-04-22 22:06:07.758765,142.909,142.921
2025-04-22 22:06:08.908639,142.944,142.956
2025-04-22 22:06:09.147516,142.944,142.966
2025-04-22 22:06:09.518122,142.934,142.951
2025-04-22 22:06:10.310304,142.934,142.948
2025-04-22 22:06:10.743473,142.939,142.959
2025-04-22 22:06:11.186631,142.918,142.938
2025-04-22 22:06:11.882866,142.91,142.93
2025-04-22 22:06:12.356564,142.912,142.936
2025-04-22 22:06:13.190338,142.902,142.918
2025-04-22 22:06:15.836011,142.911,142.927
2025-04-22 22:06:16.131876,142.924,142.942
2025-04-22 22:06:16.489993,142.926,142.94
2025-04-22 22:06:16.976871,142.918,142.935
2025-04-22 22:06:17.767398,142.904,142.917
2025-04-22 22:06:18.761683,142.928,142.94
2025-04-22 22:06:20.243196,142.929,142.941
2025-04-22 22:06:20.566473,142.928,142.94
2025-04-22 22:06:21.080580,142.942,142.954
2025-04-22 22:06:21.694606,142.939,142.956
2025-04-22 22:06:22.161609,142.929,142.941
2025-04-22 22:06:23.198302,142.934,142.949
2025-04-22 22:06:24.061679,142.929,142.941
2025-04-22 22:06:26.074882,142.937,142.949
2025-04-22 22:06:27.243470,142.94,142.952
2025-04-22 22:06:27.443988,142.926,142.94
2025-04-22 22:06:28.202395,142.929,142.941
2025-04-22 22:06:28.386057,142.923,142.935
2025-04-22 22:06:28.673195,142.922,142.934
2025-04-22 22:06:29.579685,142.922,142.935
2025-04-22 22:06:30.928637,142.897,142.922
2025-04-22 22:06:31.878526,142.903,142.917
2025-04-22 22:06:32.502884,142.901,142.924
2025-04-22 22:06:33.099079,142.913,142.932
2025-04-22 22:06:33.669348,142.913,142.927
2025-04-22 22:06:34.495808,142.919,142.931
2025-04-22 22:06:35.178371,142.922,142.937
2025-04-22 22:06:35.881708,142.913,142.935
2025-04-22 22:06:36.290242,142.915,142.929
2025-04-22 22:06:36.511713,142.919,142.932
2025-04-22 22:06:36.589832,142.923,142.937
2025-04-22 22:06:37.874455,142.923,142.938
2025-04-22 22:06:38.399136,142.928,142.943
2025-04-22 22:06:39.144163,142.928,142.944
2025-04-22 22:06:39.803604,142.928,142.943
2025-04-22 22:06:40.579184,142.925,142.944
2025-04-22 22:06:41.101673,142.92,142.934
2025-04-22 22:06:41.346574,142.919,142.931
2025-04-22 22:06:44.032805,142.912,142.928
2025-04-22 22:06:44.475762,142.912,142.929
2025-04-22 22:06:45.057847,142.913,142.928
2025-04-22 22:06:46.476602,142.922,142.939
2025-04-22 22:06:47.325712,142.925,142.942
2025-04-22 22:06:47.834061,142.905,142.928
2025-04-22 22:06:48.515916,142.921,142.935
2025-04-22 22:06:49.293428,142.927,142.939
2025-04-22 22:06:49.860403,142.931,142.943
2025-04-22 22:06:50.931650,142.928,142.94
2025-04-22 22:06:51.377635,142.907,142.929
2025-04-22 22:06:51.764411,142.903,142.931
2025-04-22 22:06:52.438539,142.904,142.927
2025-04-22 22:06:53.157746,142.904,142.928
2025-04-22 22:06:54.411570,142.904,142.925
2025-04-22 22:06:54.771825,142.897,142.922
2025-04-22 22:06:55.667961,142.9,142.926
2025-04-22 22:06:56.437635,142.897,142.926
2025-04-22 22:06:57.067702,142.924,142.943
2025-04-22 22:06:57.454815,142.919,142.934
2025-04-22 22:06:59.039373,142.92,142.938
2025-04-22 22:06:59.169580,142.92,142.934
2025-04-22 22:06:59.416644,142.925,142.937
2025-04-22 22:07:00.277564,142.912,142.931
2025-04-22 22:07:02.481242,142.91,142.925
2025-04-22 22:07:03.359516,142.913,142.926
2025-04-22 22:07:04.015650,142.925,142.937
2025-04-22 22:07:04.561058,142.926,142.94
2025-04-22 22:07:07.031403,142.926,142.941
2025-04-22 22:07:07.603864,142.944,142.959
2025-04-22 22:07:08.416167,142.942,142.956
2025-04-22 22:07:09.312302,142.93,142.942
2025-04-22 22:07:10.012505,142.929,142.941
2025-04-22 22:07:10.613126,142.925,142.937
2025-04-22 22:07:11.332595,142.921,142.936
2025-04-22 22:07:11.833696,142.916,142.93
2025-04-22 22:07:12.184704,142.919,142.931
2025-04-22 22:07:13.211295,142.929,142.941
2025-04-22 22:07:13.496311,142.935,142.948
2025-04-22 22:07:16.716103,142.932,142.948
2025-04-22 22:07:17.466291,142.924,142.937
2025-04-22 22:07:17.963328,142.919,142.936
2025-04-22 22:07:18.443936,142.9,142.926
2025-04-22 22:07:19.258122,142.9,142.929
2025-04-22 22:07:19.931655,142.901,142.93
2025-04-22 22:07:21.318428,142.899,142.916
2025-04-22 22:07:21.811227,142.916,142.933
2025-04-22 22:07:22.589296,142.914,142.93
2025-04-22 22:07:23.232411,142.9,142.924
2025-04-22 22:07:25.987569,142.939,142.956
2025-04-22 22:07:26.231450,142.93,142.945
2025-04-22 22:07:26.685080,142.929,142.941
2025-04-22 22:07:27.191581,142.963,142.978
2025-04-22 22:07:27.919337,142.954,142.972
2025-04-22 22:07:28.289430,142.963,142.985
2025-04-22 22:07:29.114541,142.962,142.979
2025-04-22 22:07:29.536586,142.962,142.98
2025-04-22 22:07:30.553119,142.973,142.994
2025-04-22 22:07:31.153217,142.966,142.98
2025-04-22 22:07:32.786575,142.965,142.98
2025-04-22 22:07:33.955804,142.964,142.98
2025-04-22 22:07:34.988225,142.956,142.974
2025-04-22 22:07:35.981563,142.967,142.979
2025-04-22 22:07:36.911991,142.966,142.978
2025-04-22 22:07:37.319211,142.965,142.978
2025-04-22 22:07:37.807894,142.959,142.974
2025-04-22 22:07:38.150026,142.962,142.977
2025-04-22 22:07:38.305187,142.959,142.974
2025-04-22 22:07:38.612975,142.957,142.973
2025-04-22 22:07:38.935287,142.959,142.973
2025-04-22 22:07:39.913190,142.97,142.986
2025-04-22 22:07:40.116114,142.97,142.985
2025-04-22 22:07:40.607756,142.974,142.989
2025-04-22 22:07:41.426861,142.975,142.989
2025-04-22 22:07:42.284871,142.974,142.989
2025-04-22 22:07:43.439761,142.976,142.99
2025-04-22 22:07:45.151487,142.978,142.992
2025-04-22 22:07:45.644915,142.978,142.994
2025-04-22 22:07:46.052024,142.978,142.995
2025-04-22 22:07:49.141180,142.977,142.995
2025-04-22 22:07:49.644750,142.973,142.991
2025-04-22 22:07:50.645075,142.973,142.99
2025-04-22 22:07:51.349646,142.975,142.991
2025-04-22 22:07:51.631147,142.975,142.993
2025-04-22 22:07:52.328860,142.959,142.979
2025-04-22 22:07:52.980340,142.958,142.977
2025-04-22 22:07:53.673115,142.964,142.978
2025-04-22 22:07:54.178947,142.968,142.985
2025-04-22 22:07:55.279307,142.971,142.987
2025-04-22 22:07:56.165691,142.984,142.996
2025-04-22 22:07:56.521520,142.978,142.991
2025-04-22 22:07:57.012779,142.984,142.996
2025-04-22 22:07:57.438856,142.982,142.994
2025-04-22 22:07:57.932076,142.987,142.999
2025-04-22 22:07:58.297242,142.988,143.0
2025-04-22 22:07:58.627069,142.985,142.999
2025-04-22 22:08:00.083064,142.981,142.994
2025-04-22 22:08:01.433854,142.98,142.992
2025-04-22 22:08:03.930842,142.98,142.994
2025-04-22 22:08:09.782954,142.98,142.992
2025-04-22 22:08:10.264751,142.974,142.988
2025-04-22 22:08:10.333592,142.971,142.984
2025-04-22 22:08:10.799014,142.971,142.985
2025-04-22 22:08:11.179190,142.971,142.983
2025-04-22 22:08:11.537036,142.966,142.98
2025-04-22 22:08:11.772910,142.965,142.978
2025-04-22 22:08:12.959841,142.963,142.977
2025-04-22 22:08:13.320356,142.964,142.978
2025-04-22 22:08:15.466971,142.969,142.983
2025-04-22 22:08:15.863339,142.963,142.977
2025-04-22 22:08:16.471956,142.96,142.974
2025-04-22 22:08:16.974670,142.966,142.98
2025-04-22 22:08:17.516194,142.963,142.977
2025-04-22 22:08:18.008360,142.969,142.981
2025-04-22 22:08:18.493439,142.971,142.985
2025-04-22 22:08:19.893234,142.969,142.984
2025-04-22 22:08:22.116400,142.969,142.983
2025-04-22 22:08:23.528905,142.971,142.985
2025-04-22 22:08:24.031900,142.972,142.986
2025-04-22 22:08:24.528810,142.978,142.991
2025-04-22 22:08:24.961590,142.988,143.0
2025-04-22 22:08:28.236759,142.983,142.998
2025-04-22 22:08:29.895363,142.977,142.99
2025-04-22 22:08:30.350231,142.978,142.99
2025-04-22 22:08:30.999717,142.977,142.989
2025-04-22 22:08:31.542368,142.953,142.968
2025-04-22 22:08:31.869957,142.963,142.977
2025-04-22 22:08:33.131409,142.965,142.979
2025-04-22 22:08:35.744395,142.962,142.976
2025-04-22 22:08:37.253301,142.972,142.986
2025-04-22 22:08:38.487111,142.973,142.987
2025-04-22 22:08:40.403181,142.972,142.986
2025-04-22 22:08:40.634703,142.964,142.977
2025-04-22 22:08:41.175531,142.965,142.978
2025-04-22 22:08:41.476485,142.968,142.982
2025-04-22 22:08:42.515144,142.971,142.983
2025-04-22 22:08:42.841405,142.972,142.986
2025-04-22 22:08:43.491913,142.965,142.979
2025-04-22 22:08:44.675427,142.965,142.981
2025-04-22 22:08:45.173604,142.979,142.993
2025-04-22 22:08:45.802762,142.972,142.986
2025-04-22 22:08:49.008249,142.972,142.984
2025-04-22 22:08:50.665140,142.972,142.985
2025-04-22 22:08:51.562692,142.974,142.988
2025-04-22 22:08:52.607085,142.979,142.993
2025-04-22 22:08:57.959682,142.98,142.994
2025-04-22 22:08:58.502398,142.978,142.991
2025-04-22 22:08:59.124914,142.979,142.991
2025-04-22 22:08:59.742735,142.977,142.99
2025-04-22 22:09:02.234887,142.972,142.984
2025-04-22 22:09:04.442875,142.972,142.986
2025-04-22 22:09:05.212860,142.97,142.985
2025-04-22 22:09:05.427258,142.952,142.965
2025-04-22 22:09:06.687627,142.947,142.961
