timestamp,bid,ask
2025-12-12 18:06:59.878320,18.56,18.76
2025-12-12 18:07:00.917678,18.6,18.8
2025-12-12 18:07:01.492865,18.57,18.77
2025-12-12 18:07:02.742818,18.59,18.79
2025-12-12 18:07:03.915694,18.56,18.76
2025-12-12 18:07:04.589199,18.6,18.8
2025-12-12 18:07:06.045699,18.59,18.79
2025-12-12 18:07:06.824898,18.6,18.8
2025-12-12 18:07:07.581649,18.57,18.77
2025-12-12 18:07:09.117704,18.56,18.76
2025-12-12 18:07:10.135275,18.59,18.79
2025-12-12 18:07:12.756134,18.56,18.76
2025-12-12 18:07:14.896454,18.59,18.79
2025-12-12 18:07:15.907173,18.6,18.8
2025-12-12 18:07:16.187375,18.59,18.79
2025-12-12 18:07:17.233877,18.56,18.76
2025-12-12 18:07:17.915004,18.6,18.8
2025-12-12 18:07:19.208162,18.56,18.76
2025-12-12 18:07:20.084273,18.6,18.8
2025-12-12 18:07:22.012130,18.56,18.76
2025-12-12 18:07:23.592431,18.6,18.8
2025-12-12 18:07:24.056524,18.57,18.77
2025-12-12 18:07:24.671514,18.6,18.8
2025-12-12 18:07:26.054017,18.57,18.77
2025-12-12 18:07:27.176957,18.56,18.76
2025-12-12 18:07:28.022335,18.6,18.8
2025-12-12 18:07:30.926525,18.57,18.77
2025-12-12 18:07:33.163139,18.6,18.8
2025-12-12 18:07:38.848112,18.56,18.76
2025-12-12 18:07:40.397759,18.57,18.77
2025-12-12 18:07:41.041817,18.6,18.8
2025-12-12 18:07:42.080004,18.56,18.76
2025-12-12 18:07:44.245796,18.6,18.8
2025-12-12 18:07:45.627275,18.57,18.77
2025-12-12 18:07:46.466218,18.56,18.76
2025-12-12 18:07:47.641558,18.59,18.79
2025-12-12 18:07:48.752172,18.56,18.76
2025-12-12 18:07:51.453910,18.6,18.8
2025-12-12 18:07:55.873487,18.59,18.79
2025-12-12 18:07:57.795536,18.6,18.8
2025-12-12 18:07:58.358365,18.57,18.77
2025-12-12 18:07:58.867230,18.56,18.76
2025-12-12 18:07:59.449473,18.57,18.77
2025-12-12 18:08:00.161896,18.6,18.8
2025-12-12 18:08:01.153942,18.56,18.76
2025-12-12 18:08:01.816863,18.57,18.77
2025-12-12 18:08:03.237687,18.56,18.76
2025-12-12 18:08:03.733743,18.57,18.77
2025-12-12 18:08:05.505109,18.56,18.76
2025-12-12 18:08:06.949216,18.6,18.8
2025-12-12 18:08:07.711085,18.59,18.79
2025-12-12 18:08:09.660997,18.56,18.76
2025-12-12 18:08:13.075588,18.57,18.77
2025-12-12 18:08:13.823863,18.6,18.8
2025-12-12 18:08:14.348773,18.59,18.79
2025-12-12 18:08:14.782893,18.56,18.76
2025-12-12 18:08:16.114305,18.64,18.84
2025-12-12 18:08:16.875514,18.62,18.82
2025-12-12 18:08:17.784898,18.65,18.85
2025-12-12 18:08:18.399702,18.62,18.82
2025-12-12 18:08:18.851651,18.61,18.81
2025-12-12 18:08:19.280325,18.59,18.79
2025-12-12 18:08:20.145045,18.56,18.76
2025-12-12 18:08:20.453076,18.6,18.8
2025-12-12 18:08:21.163219,18.56,18.76
2025-12-12 18:08:21.680481,18.59,18.79
2025-12-12 18:08:22.155511,18.6,18.8
2025-12-12 18:08:24.197750,18.56,18.76
2025-12-12 18:08:24.627219,18.57,18.77
2025-12-12 18:08:24.841708,18.59,18.79
2025-12-12 18:08:25.401742,18.6,18.8
2025-12-12 18:08:26.423520,18.59,18.79
2025-12-12 18:08:26.840303,18.6,18.8
2025-12-12 18:08:27.087515,18.59,18.79
2025-12-12 18:08:27.467850,18.57,18.77
2025-12-12 18:08:27.979407,18.6,18.8
2025-12-12 18:08:29.423634,18.56,18.76
2025-12-12 18:08:30.132486,18.59,18.79
2025-12-12 18:08:30.600678,18.56,18.76
2025-12-12 18:08:31.093388,18.6,18.8
2025-12-12 18:08:31.556967,18.57,18.77
2025-12-12 18:08:33.491074,18.59,18.79
2025-12-12 18:08:34.053583,18.6,18.8
2025-12-12 18:08:35.377455,18.59,18.79
2025-12-12 18:08:35.609259,18.57,18.77
2025-12-12 18:08:36.865115,18.6,18.8
2025-12-12 18:08:37.330194,18.57,18.77
2025-12-12 18:08:39.570875,18.59,18.79
2025-12-12 18:08:40.915246,18.6,18.8
2025-12-12 18:08:41.490291,18.59,18.79
2025-12-12 18:08:43.061685,18.6,18.8
2025-12-12 18:08:43.713212,18.59,18.79
2025-12-12 18:08:45.356267,18.6,18.8
2025-12-12 18:08:45.879692,18.56,18.76
2025-12-12 18:08:47.071621,18.59,18.79
2025-12-12 18:08:47.730571,18.56,18.76
2025-12-12 18:08:48.741665,18.57,18.77
2025-12-12 18:08:49.870561,18.56,18.76
2025-12-12 18:08:51.148719,18.57,18.77
2025-12-12 18:08:51.816223,18.56,18.76
2025-12-12 18:08:53.016182,18.6,18.8
2025-12-12 18:08:53.416057,18.57,18.77
2025-12-12 18:08:54.115463,18.56,18.76
2025-12-12 18:08:55.405321,18.59,18.79
2025-12-12 18:08:56.846542,18.56,18.76
2025-12-12 18:08:58.731748,18.59,18.79
2025-12-12 18:08:59.661077,18.57,18.77
2025-12-12 18:09:01.093843,18.56,18.76
2025-12-12 18:09:02.277320,18.57,18.77
2025-12-12 18:09:04.627568,18.56,18.76
2025-12-12 18:09:05.103859,18.59,18.79
2025-12-12 18:09:06.178359,18.6,18.8
2025-12-12 18:09:09.884619,18.59,18.79
2025-12-12 18:09:10.452355,18.57,18.77
2025-12-12 18:09:11.272584,18.56,18.76
2025-12-12 18:09:11.825720,18.57,18.77
2025-12-12 18:09:12.505648,18.6,18.8
2025-12-12 18:09:13.137013,18.57,18.77
2025-12-12 18:09:13.795520,18.59,18.79
2025-12-12 18:09:15.232014,18.56,18.76
2025-12-12 18:09:15.709196,18.59,18.79
2025-12-12 18:09:17.316498,18.56,18.76
2025-12-12 18:09:18.028306,18.57,18.77
2025-12-12 18:09:20.518191,18.56,18.76
2025-12-12 18:09:20.998710,18.57,18.77
2025-12-12 18:09:22.088842,18.56,18.76
2025-12-12 18:09:22.787286,18.57,18.77
2025-12-12 18:09:23.193802,18.6,18.8
2025-12-12 18:09:24.743896,18.57,18.77
2025-12-12 18:09:25.380095,18.56,18.76
2025-12-12 18:09:26.416509,18.57,18.77
2025-12-12 18:09:27.076087,18.6,18.8
2025-12-12 18:09:28.875685,18.59,18.79
2025-12-12 18:09:29.600275,18.56,18.76
2025-12-12 18:09:30.511308,18.59,18.79
2025-12-12 18:09:31.253996,18.6,18.8
2025-12-12 18:09:32.407832,18.56,18.76
2025-12-12 18:09:33.127094,18.57,18.77
2025-12-12 18:09:33.892603,18.56,18.76
2025-12-12 18:09:35.784475,18.59,18.79
2025-12-12 18:09:37.203017,18.6,18.8
2025-12-12 18:09:38.116118,18.57,18.77
2025-12-12 18:09:38.999534,18.56,18.76
2025-12-12 18:09:41.479156,18.59,18.79
2025-12-12 18:09:42.216313,18.6,18.8
2025-12-12 18:09:43.392417,18.57,18.77
2025-12-12 18:09:43.859249,18.6,18.8
2025-12-12 18:09:45.154989,18.56,18.76
2025-12-12 18:09:45.805184,18.59,18.79
2025-12-12 18:09:46.776245,18.56,18.76
2025-12-12 18:09:47.832558,18.6,18.8
2025-12-12 18:09:48.664984,18.59,18.79
2025-12-12 18:09:49.178320,18.57,18.77
2025-12-12 18:09:51.196598,18.59,18.79
2025-12-12 18:09:53.569823,18.57,18.77
2025-12-12 18:09:54.053317,18.59,18.79
2025-12-12 18:09:54.625228,18.57,18.77
2025-12-12 18:09:55.711988,18.6,18.8
2025-12-12 18:09:57.828329,18.57,18.77
2025-12-12 18:09:58.361517,18.59,18.79
2025-12-12 18:09:59.384514,18.57,18.77
2025-12-12 18:10:01.792668,18.59,18.79
2025-12-12 18:10:02.366660,18.6,18.8
2025-12-12 18:10:03.565572,18.56,18.76
2025-12-12 18:10:06.128012,18.57,18.77
2025-12-12 18:10:06.578944,18.6,18.8
2025-12-12 18:10:08.075656,18.59,18.79
2025-12-12 18:10:08.513162,18.6,18.8
2025-12-12 18:10:10.228446,18.56,18.76
2025-12-12 18:10:10.891586,18.59,18.79
2025-12-12 18:10:11.658133,18.57,18.77
2025-12-12 18:10:12.414895,18.59,18.79
2025-12-12 18:10:13.354802,18.6,18.8
2025-12-12 18:10:14.546889,18.56,18.76
2025-12-12 18:10:14.779396,18.57,18.77
2025-12-12 18:10:15.873921,18.6,18.8
2025-12-12 18:10:17.036949,18.57,18.77
2025-12-12 18:10:17.488384,18.56,18.76
2025-12-12 18:10:18.869499,18.6,18.8
2025-12-12 18:10:19.284561,18.56,18.76
2025-12-12 18:10:20.669794,18.57,18.77
2025-12-12 18:10:22.271796,18.6,18.8
2025-12-12 18:10:22.754537,18.56,18.76
2025-12-12 18:10:23.094959,18.59,18.79
2025-12-12 18:10:24.212078,18.57,18.77
2025-12-12 18:10:24.782497,18.6,18.8
2025-12-12 18:10:25.342807,18.57,18.77
2025-12-12 18:10:26.131177,18.56,18.76
2025-12-12 18:10:28.591983,18.6,18.8
2025-12-12 18:10:29.087813,18.59,18.79
2025-12-12 18:10:30.419921,18.56,18.76
2025-12-12 18:10:31.269467,18.59,18.79
2025-12-12 18:10:31.767787,18.6,18.8
2025-12-12 18:10:32.278125,18.59,18.79
2025-12-12 18:10:32.746606,18.57,18.77
2025-12-12 18:10:33.281056,18.59,18.79
2025-12-12 18:10:33.829025,18.57,18.77
2025-12-12 18:10:34.295261,18.56,18.76
2025-12-12 18:10:36.149283,18.59,18.79
2025-12-12 18:10:36.860235,18.57,18.77
2025-12-12 18:10:37.644256,18.56,18.76
2025-12-12 18:10:37.921173,18.57,18.77
2025-12-12 18:10:39.001652,18.6,18.8
2025-12-12 18:10:41.410273,18.57,18.77
2025-12-12 18:10:42.414345,18.6,18.8
2025-12-12 18:10:43.034433,18.57,18.77
2025-12-12 18:10:43.581225,18.56,18.76
2025-12-12 18:10:44.079293,18.57,18.77
2025-12-12 18:10:45.780439,18.6,18.8
2025-12-12 18:10:47.274040,18.57,18.77
2025-12-12 18:10:47.489387,18.6,18.8
2025-12-12 18:10:48.051843,18.56,18.76
2025-12-12 18:10:48.515261,18.59,18.79
2025-12-12 18:10:49.714583,18.6,18.8
2025-12-12 18:10:50.599011,18.59,18.79
2025-12-12 18:10:51.095073,18.57,18.77
2025-12-12 18:10:51.792666,18.6,18.8
2025-12-12 18:10:52.369871,18.59,18.79
2025-12-12 18:10:52.553625,18.56,18.76
2025-12-12 18:10:53.318019,18.6,18.8
2025-12-12 18:10:54.219258,18.56,18.76
2025-12-12 18:10:55.408529,18.6,18.8
2025-12-12 18:10:58.297228,18.59,18.79
2025-12-12 18:10:58.805208,18.57,18.77
2025-12-12 18:10:59.595649,18.56,18.76
2025-12-12 18:11:00.852251,18.57,18.77
2025-12-12 18:11:01.340453,18.59,18.79
2025-12-12 18:11:02.443833,18.56,18.76
2025-12-12 18:11:02.942208,18.57,18.77
2025-12-12 18:11:03.380232,18.6,18.8
2025-12-12 18:11:04.243989,18.56,18.76
2025-12-12 18:11:06.225088,18.6,18.8
2025-12-12 18:11:08.105536,18.57,18.77
2025-12-12 18:11:09.066233,18.6,18.8
2025-12-12 18:11:11.471479,18.57,18.77
2025-12-12 18:11:12.163049,18.56,18.76
2025-12-12 18:11:12.616800,18.6,18.8
2025-12-12 18:11:14.325740,18.57,18.77
2025-12-12 18:11:16.775446,18.6,18.8
2025-12-12 18:11:17.815924,18.56,18.76
2025-12-12 18:11:18.436803,18.59,18.79
2025-12-12 18:11:19.122604,18.56,18.76
2025-12-12 18:11:20.107835,18.57,18.77
2025-12-12 18:11:21.040892,18.6,18.8
2025-12-12 18:11:22.182939,18.59,18.79
2025-12-12 18:11:22.935349,18.57,18.77
2025-12-12 18:11:23.715087,18.56,18.76
2025-12-12 18:11:24.484564,18.57,18.77
2025-12-12 18:11:25.726864,18.6,18.8
2025-12-12 18:11:26.660316,18.56,18.76
2025-12-12 18:11:27.710688,18.6,18.8
2025-12-12 18:11:29.805814,18.59,18.79
2025-12-12 18:11:30.589055,18.6,18.8
2025-12-12 18:11:31.149378,18.56,18.76
2025-12-12 18:11:31.792649,18.57,18.77
2025-12-12 18:11:32.290233,18.56,18.76
2025-12-12 18:11:32.879189,18.6,18.8
2025-12-12 18:11:33.652591,18.56,18.76
2025-12-12 18:11:34.958749,18.57,18.77
2025-12-12 18:11:36.371044,18.6,18.8
2025-12-12 18:11:38.054980,18.56,18.76
2025-12-12 18:11:38.909726,18.59,18.79
2025-12-12 18:11:40.401356,18.57,18.77
2025-12-12 18:11:41.119843,18.59,18.79
2025-12-12 18:11:41.889568,18.6,18.8
2025-12-12 18:11:43.943552,18.57,18.77
2025-12-12 18:11:44.677305,18.56,18.76
2025-12-12 18:11:46.696292,18.57,18.77
2025-12-12 18:11:47.445921,18.6,18.8
2025-12-12 18:11:48.288387,18.59,18.79
2025-12-12 18:11:53.506694,18.57,18.77
2025-12-12 18:11:54.060960,18.56,18.76
2025-12-12 18:11:54.742676,18.59,18.79
2025-12-12 18:11:54.994280,18.57,18.77
2025-12-12 18:11:55.701412,18.56,18.76
2025-12-12 18:11:56.059004,18.59,18.79
2025-12-12 18:11:56.842677,18.56,18.76
2025-12-12 18:11:57.094274,18.57,18.77
2025-12-12 18:11:57.718015,18.59,18.79
2025-12-12 18:11:58.843360,18.6,18.8
2025-12-12 18:11:59.088745,18.59,18.79
2025-12-12 18:11:59.294573,18.6,18.8
2025-12-12 18:12:00.070262,18.57,18.77
2025-12-12 18:12:00.516594,18.56,18.76
2025-12-12 18:12:01.258880,18.54,18.74
2025-12-12 18:12:01.474475,18.55,18.75
2025-12-12 18:12:01.964647,18.52,18.72
2025-12-12 18:12:03.070613,18.55,18.75
2025-12-12 18:12:03.532476,18.52,18.72
2025-12-12 18:12:04.171649,18.51,18.71
2025-12-12 18:12:04.633495,18.54,18.74
2025-12-12 18:12:05.745032,18.55,18.75
2025-12-12 18:12:06.384171,18.51,18.71
2025-12-12 18:12:06.911089,18.54,18.74
2025-12-12 18:12:07.395229,18.51,18.71
2025-12-12 18:12:09.546916,18.55,18.75
2025-12-12 18:12:10.023775,18.54,18.74
2025-12-12 18:12:10.258954,18.5,18.7
2025-12-12 18:12:11.600396,18.49,18.69
2025-12-12 18:12:12.777318,18.46,18.66
2025-12-12 18:12:13.875174,18.5,18.7
2025-12-12 18:12:14.441304,18.49,18.69
2025-12-12 18:12:14.968975,18.5,18.7
2025-12-12 18:12:15.594036,18.46,18.66
2025-12-12 18:12:16.083538,18.49,18.69
2025-12-12 18:12:17.343701,18.46,18.66
2025-12-12 18:12:17.804480,18.5,18.7
2025-12-12 18:12:18.443877,18.47,18.67
2025-12-12 18:12:19.065388,18.5,18.7
2025-12-12 18:12:20.301320,18.49,18.69
2025-12-12 18:12:20.766844,18.47,18.67
2025-12-12 18:12:21.900844,18.49,18.69
2025-12-12 18:12:22.582080,18.5,18.7
2025-12-12 18:12:22.997427,18.46,18.66
2025-12-12 18:12:23.569589,18.47,18.67
2025-12-12 18:12:24.158750,18.46,18.66
2025-12-12 18:12:25.166235,18.5,18.7
2025-12-12 18:12:25.963318,18.46,18.66
2025-12-12 18:12:26.476826,18.47,18.67
2025-12-12 18:12:27.158255,18.5,18.7
2025-12-12 18:12:28.506594,18.47,18.67
2025-12-12 18:12:29.670919,18.46,18.66
2025-12-12 18:12:30.191206,18.47,18.67
2025-12-12 18:12:30.624919,18.5,18.7
2025-12-12 18:12:31.271823,18.47,18.67
2025-12-12 18:12:31.733978,18.49,18.69
2025-12-12 18:12:32.595476,18.46,18.66
2025-12-12 18:12:33.046477,18.49,18.69
2025-12-12 18:12:33.572106,18.47,18.67
2025-12-12 18:12:37.352649,18.5,18.7
2025-12-12 18:12:38.914190,18.49,18.69
2025-12-12 18:12:39.596901,18.47,18.67
2025-12-12 18:12:40.835640,18.49,18.69
2025-12-12 18:12:41.256277,18.46,18.66
2025-12-12 18:12:43.208327,18.47,18.67
2025-12-12 18:12:44.364625,18.5,18.7
2025-12-12 18:12:44.864660,18.49,18.69
2025-12-12 18:12:45.312077,18.5,18.7
2025-12-12 18:12:45.879862,18.49,18.69
2025-12-12 18:12:46.371725,18.47,18.67
2025-12-12 18:12:46.837033,18.46,18.66
2025-12-12 18:12:48.045465,18.5,18.7
2025-12-12 18:12:49.759350,18.49,18.69
2025-12-12 18:12:50.207106,18.5,18.7
2025-12-12 18:12:50.797737,18.47,18.67
2025-12-12 18:12:51.388257,18.46,18.66
2025-12-12 18:12:51.850240,18.49,18.69
2025-12-12 18:12:52.851989,18.47,18.67
2025-12-12 18:12:54.233924,18.49,18.69
2025-12-12 18:12:54.786787,18.47,18.67
2025-12-12 18:12:55.767114,18.5,18.7
2025-12-12 18:12:56.263170,18.46,18.66
2025-12-12 18:12:57.719178,18.49,18.69
2025-12-12 18:12:58.145122,18.46,18.66
2025-12-12 18:12:58.740236,18.49,18.69
2025-12-12 18:12:59.315681,18.46,18.66
2025-12-12 18:12:59.946395,18.5,18.7
2025-12-12 18:13:00.566179,18.46,18.66
2025-12-12 18:13:02.034868,18.5,18.7
2025-12-12 18:13:02.834988,18.47,18.67
2025-12-12 18:13:03.779739,18.49,18.69
2025-12-12 18:13:06.359760,18.46,18.66
2025-12-12 18:13:07.276415,18.47,18.67
2025-12-12 18:13:07.829718,18.49,18.69
2025-12-12 18:13:08.604802,18.5,18.7
2025-12-12 18:13:10.260838,18.49,18.69
2025-12-12 18:13:11.003390,18.46,18.66
2025-12-12 18:13:12.029002,18.49,18.69
2025-12-12 18:13:12.973577,18.47,18.67
2025-12-12 18:13:13.841191,18.5,18.7
2025-12-12 18:13:15.285731,18.46,18.66
2025-12-12 18:13:15.949021,18.49,18.69
2025-12-12 18:13:16.437784,18.51,18.71
2025-12-12 18:13:17.539684,18.55,18.75
2025-12-12 18:13:18.305774,18.54,18.74
2025-12-12 18:13:18.772901,18.51,18.71
2025-12-12 18:13:19.419375,18.55,18.75
2025-12-12 18:13:19.886712,18.51,18.71
2025-12-12 18:13:20.967183,18.55,18.75
2025-12-12 18:13:21.458977,18.52,18.72
2025-12-12 18:13:22.251623,18.54,18.74
2025-12-12 18:13:22.991555,18.55,18.75
2025-12-12 18:13:23.737393,18.52,18.72
2025-12-12 18:13:25.431940,18.54,18.74
2025-12-12 18:13:26.998419,18.55,18.75
2025-12-12 18:13:29.929782,18.52,18.72
2025-12-12 18:13:31.140431,18.54,18.74
2025-12-12 18:13:33.464026,18.52,18.72
2025-12-12 18:13:33.657418,18.54,18.74
2025-12-12 18:13:34.840835,18.52,18.72
2025-12-12 18:13:35.584139,18.55,18.75
2025-12-12 18:13:40.953559,18.54,18.74
2025-12-12 18:13:41.847765,18.52,18.72
2025-12-12 18:13:43.618690,18.54,18.74
2025-12-12 18:13:45.139780,18.52,18.72
2025-12-12 18:13:45.874669,18.51,18.71
2025-12-12 18:13:46.315906,18.55,18.75
2025-12-12 18:13:48.592807,18.52,18.72
2025-12-12 18:13:49.599544,18.55,18.75
2025-12-12 18:13:51.882457,18.52,18.72
2025-12-12 18:13:52.219091,18.54,18.74
2025-12-12 18:13:53.501011,18.52,18.72
2025-12-12 18:13:54.628305,18.54,18.74
2025-12-12 18:13:56.987690,18.55,18.75
2025-12-12 18:13:57.984869,18.54,18.74
2025-12-12 18:13:59.624797,18.52,18.72
2025-12-12 18:14:00.033030,18.46,18.66
2025-12-12 18:14:00.756784,18.49,18.69
2025-12-12 18:14:01.535924,18.47,18.67
2025-12-12 18:14:02.035103,18.5,18.7
2025-12-12 18:14:02.700226,18.46,18.66
2025-12-12 18:14:04.147877,18.47,18.67
2025-12-12 18:14:04.986618,18.5,18.7
2025-12-12 18:14:05.653913,18.46,18.66
2025-12-12 18:14:06.539201,18.49,18.69
2025-12-12 18:14:07.068909,18.5,18.7
2025-12-12 18:14:07.651267,18.46,18.66
2025-12-12 18:14:09.031363,18.49,18.69
2025-12-12 18:14:09.770901,18.47,18.67
2025-12-12 18:14:10.224748,18.54,18.74
2025-12-12 18:14:10.679315,18.55,18.75
2025-12-12 18:14:11.309813,18.51,18.71
2025-12-12 18:14:11.900763,18.52,18.72
2025-12-12 18:14:12.364930,18.51,18.71
2025-12-12 18:14:12.861852,18.54,18.74
2025-12-12 18:14:13.422934,18.51,18.71
2025-12-12 18:14:14.420975,18.54,18.74
2025-12-12 18:14:15.693574,18.52,18.72
2025-12-12 18:14:16.315323,18.51,18.71
2025-12-12 18:14:16.791672,18.55,18.75
2025-12-12 18:14:18.252698,18.54,18.74
2025-12-12 18:14:21.925422,18.52,18.72
2025-12-12 18:14:22.483699,18.55,18.75
2025-12-12 18:14:22.934018,18.51,18.71
2025-12-12 18:14:24.800575,18.54,18.74
2025-12-12 18:14:26.078786,18.55,18.75
2025-12-12 18:14:29.502842,18.51,18.71
2025-12-12 18:14:30.372210,18.52,18.72
2025-12-12 18:14:31.462236,18.54,18.74
2025-12-12 18:14:32.776097,18.51,18.71
2025-12-12 18:14:33.554329,18.54,18.74
2025-12-12 18:14:34.592896,18.55,18.75
2025-12-12 18:14:35.071964,18.51,18.71
2025-12-12 18:14:36.051984,18.54,18.74
2025-12-12 18:14:38.760694,18.52,18.72
2025-12-12 18:14:40.959736,18.54,18.74
2025-12-12 18:14:43.158996,18.51,18.71
2025-12-12 18:14:43.713003,18.55,18.75
2025-12-12 18:14:44.846418,18.51,18.71
2025-12-12 18:14:47.154016,18.52,18.72
2025-12-12 18:14:47.851804,18.55,18.75
2025-12-12 18:14:48.849537,18.52,18.72
2025-12-12 18:14:50.586156,18.55,18.75
2025-12-12 18:14:50.867424,18.52,18.72
2025-12-12 18:14:51.669976,18.54,18.74
2025-12-12 18:14:52.552994,18.55,18.75
2025-12-12 18:14:53.145191,18.52,18.72
2025-12-12 18:14:55.420914,18.55,18.75
2025-12-12 18:14:57.460151,18.54,18.74
2025-12-12 18:14:59.155450,18.52,18.72
2025-12-12 18:14:59.591568,18.51,18.71
2025-12-12 18:15:00.605492,18.54,18.74
2025-12-12 18:15:01.256542,18.51,18.71
2025-12-12 18:15:02.825122,18.49,18.69
2025-12-12 18:15:03.383091,18.46,18.66
2025-12-12 18:15:04.565518,18.5,18.7
2025-12-12 18:15:05.200800,18.47,18.67
2025-12-12 18:15:05.899408,18.46,18.66
2025-12-12 18:15:06.852117,18.49,18.69
2025-12-12 18:15:07.190958,18.46,18.66
2025-12-12 18:15:07.871110,18.49,18.69
2025-12-12 18:15:08.554946,18.46,18.66
2025-12-12 18:15:09.185075,18.5,18.7
2025-12-12 18:15:09.636100,18.46,18.66
2025-12-12 18:15:10.347744,18.49,18.69
2025-12-12 18:15:11.089300,18.46,18.66
2025-12-12 18:15:12.106303,18.49,18.69
2025-12-12 18:15:13.082700,18.47,18.67
2025-12-12 18:15:15.142517,18.5,18.7
2025-12-12 18:15:15.919765,18.47,18.67
2025-12-12 18:15:16.617965,18.46,18.66
2025-12-12 18:15:17.503341,18.47,18.67
2025-12-12 18:15:17.986790,18.49,18.69
2025-12-12 18:15:18.749645,18.5,18.7
2025-12-12 18:15:19.449447,18.47,18.67
2025-12-12 18:15:19.916162,18.49,18.69
2025-12-12 18:15:20.579955,18.46,18.66
2025-12-12 18:15:21.070806,18.5,18.7
2025-12-12 18:15:21.755938,18.47,18.67
2025-12-12 18:15:22.555517,18.46,18.66
2025-12-12 18:15:22.969761,18.5,18.7
2025-12-12 18:15:23.516404,18.47,18.67
2025-12-12 18:15:24.196349,18.5,18.7
2025-12-12 18:15:24.879406,18.47,18.67
2025-12-12 18:15:25.564072,18.5,18.7
2025-12-12 18:15:26.026655,18.46,18.66
2025-12-12 18:15:26.623752,18.49,18.69
2025-12-12 18:15:27.313686,18.46,18.66
2025-12-12 18:15:28.288601,18.49,18.69
2025-12-12 18:15:29.183097,18.5,18.7
2025-12-12 18:15:29.960408,18.47,18.67
2025-12-12 18:15:30.683875,18.46,18.66
2025-12-12 18:15:31.917783,18.49,18.69
2025-12-12 18:15:33.604097,18.47,18.67
2025-12-12 18:15:34.308010,18.49,18.69
2025-12-12 18:15:35.676444,18.46,18.66
2025-12-12 18:15:37.664308,18.49,18.69
2025-12-12 18:15:38.675468,18.46,18.66
2025-12-12 18:15:39.189353,18.47,18.67
2025-12-12 18:15:39.825554,18.5,18.7
2025-12-12 18:15:40.447438,18.47,18.67
2025-12-12 18:15:43.405142,18.5,18.7
2025-12-12 18:15:43.953458,18.46,18.66
2025-12-12 18:15:44.506385,18.49,18.69
2025-12-12 18:15:44.988629,18.47,18.67
2025-12-12 18:15:45.730806,18.49,18.69
2025-12-12 18:15:46.193185,18.5,18.7
2025-12-12 18:15:46.738876,18.46,18.66
2025-12-12 18:15:47.400952,18.5,18.7
2025-12-12 18:15:47.883542,18.46,18.66
2025-12-12 18:15:48.828201,18.47,18.67
2025-12-12 18:15:49.431008,18.5,18.7
2025-12-12 18:15:50.424625,18.49,18.69
2025-12-12 18:15:50.986574,18.5,18.7
2025-12-12 18:15:52.320010,18.46,18.66
2025-12-12 18:15:52.911502,18.47,18.67
2025-12-12 18:15:53.627001,18.46,18.66
2025-12-12 18:15:54.604585,18.49,18.69
2025-12-12 18:15:55.158086,18.46,18.66
2025-12-12 18:15:57.563520,18.5,18.7
2025-12-12 18:15:58.305608,18.46,18.66
2025-12-12 18:15:58.734331,18.5,18.7
2025-12-12 18:15:59.423129,18.49,18.69
2025-12-12 18:16:00.417029,18.47,18.67
2025-12-12 18:16:01.143911,18.49,18.69
2025-12-12 18:16:01.778543,18.5,18.7
2025-12-12 18:16:02.414892,18.46,18.66
2025-12-12 18:16:03.192106,18.49,18.69
2025-12-12 18:16:03.684476,18.47,18.67
2025-12-12 18:16:03.900489,18.5,18.7
2025-12-12 18:16:04.286130,18.49,18.69
2025-12-12 18:16:04.898487,18.47,18.67
2025-12-12 18:16:05.626180,18.49,18.69
2025-12-12 18:16:06.379056,18.47,18.67
2025-12-12 18:16:07.539508,18.49,18.69
2025-12-12 18:16:08.806440,18.46,18.66
2025-12-12 18:16:12.426455,18.47,18.67
2025-12-12 18:16:13.171971,18.46,18.66
2025-12-12 18:16:13.604445,18.47,18.67
2025-12-12 18:16:15.152336,18.46,18.66
2025-12-12 18:16:16.443830,18.47,18.67
2025-12-12 18:16:18.248898,18.46,18.66
2025-12-12 18:16:20.131325,18.5,18.7
2025-12-12 18:16:20.646929,18.49,18.69
2025-12-12 18:16:21.278319,18.47,18.67
2025-12-12 18:16:29.010653,18.46,18.66
2025-12-12 18:16:29.896620,18.47,18.67
2025-12-12 18:16:30.962606,18.46,18.66
2025-12-12 18:16:32.137263,18.47,18.67
2025-12-12 18:16:32.818513,18.46,18.66
2025-12-12 18:16:33.346222,18.47,18.67
2025-12-12 18:16:34.597611,18.46,18.66
2025-12-12 18:16:35.121314,18.47,18.67
2025-12-12 18:16:35.649412,18.46,18.66
2025-12-12 18:16:36.365497,18.5,18.7
2025-12-12 18:16:37.380994,18.49,18.69
2025-12-12 18:16:38.440415,18.46,18.66
2025-12-12 18:16:39.133215,18.49,18.69
2025-12-12 18:16:39.597758,18.46,18.66
2025-12-12 18:16:40.666830,18.47,18.67
2025-12-12 18:16:42.437180,18.46,18.66
2025-12-12 18:16:43.037583,18.49,18.69
2025-12-12 18:16:43.815062,18.47,18.67
2025-12-12 18:16:44.553640,18.46,18.66
2025-12-12 18:16:44.907696,18.5,18.7
2025-12-12 18:16:45.962663,18.49,18.69
2025-12-12 18:16:46.539255,18.46,18.66
2025-12-12 18:16:48.795765,18.49,18.69
2025-12-12 18:16:50.387730,18.5,18.7
2025-12-12 18:16:51.626116,18.46,18.66
2025-12-12 18:16:53.883441,18.49,18.69
2025-12-12 18:16:55.225013,18.5,18.7
2025-12-12 18:16:55.904816,18.46,18.66
2025-12-12 18:16:56.400737,18.49,18.69
2025-12-12 18:16:57.314446,18.5,18.7
2025-12-12 18:16:59.453917,18.46,18.66
2025-12-12 18:17:00.634818,18.5,18.7
2025-12-12 18:17:01.114108,18.46,18.66
2025-12-12 18:17:01.471785,18.47,18.67
2025-12-12 18:17:02.090471,18.49,18.69
2025-12-12 18:17:03.253806,18.46,18.66
2025-12-12 18:17:03.731181,18.47,18.67
2025-12-12 18:17:04.831462,18.46,18.66
2025-12-12 18:17:05.435441,18.49,18.69
2025-12-12 18:17:05.949760,18.47,18.67
2025-12-12 18:17:06.464418,18.49,18.69
2025-12-12 18:17:07.014334,18.47,18.67
2025-12-12 18:17:08.023530,18.46,18.66
2025-12-12 18:17:09.057158,18.5,18.7
2025-12-12 18:17:10.891365,18.47,18.67
2025-12-12 18:17:11.618938,18.5,18.7
2025-12-12 18:17:12.055596,18.46,18.66
2025-12-12 18:17:13.168991,18.47,18.67
2025-12-12 18:17:13.884616,18.46,18.66
2025-12-12 18:17:14.737586,18.5,18.7
2025-12-12 18:17:16.082808,18.49,18.69
2025-12-12 18:17:16.596508,18.46,18.66
2025-12-12 18:17:17.326142,18.47,18.67
2025-12-12 18:17:17.870035,18.49,18.69
2025-12-12 18:17:18.614478,18.5,18.7
2025-12-12 18:17:19.049417,18.47,18.67
2025-12-12 18:17:20.656334,18.46,18.66
2025-12-12 18:17:21.912275,18.49,18.69
2025-12-12 18:17:22.441934,18.5,18.7
2025-12-12 18:17:24.745918,18.49,18.69
2025-12-12 18:17:26.470436,18.46,18.66
2025-12-12 18:17:27.774071,18.5,18.7
2025-12-12 18:17:28.263236,18.49,18.69
2025-12-12 18:17:29.037054,18.47,18.67
2025-12-12 18:17:29.735371,18.49,18.69
2025-12-12 18:17:30.679971,18.5,18.7
2025-12-12 18:17:32.100201,18.46,18.66
2025-12-12 18:17:33.197575,18.49,18.69
2025-12-12 18:17:35.049754,18.5,18.7
2025-12-12 18:17:35.829349,18.47,18.67
2025-12-12 18:17:36.295844,18.49,18.69
2025-12-12 18:17:36.848897,18.47,18.67
2025-12-12 18:17:37.500709,18.5,18.7
2025-12-12 18:17:38.289042,18.49,18.69
2025-12-12 18:17:39.836192,18.47,18.67
2025-12-12 18:17:40.321019,18.49,18.69
2025-12-12 18:17:41.593613,18.47,18.67
2025-12-12 18:17:42.340533,18.46,18.66
2025-12-12 18:17:42.759704,18.5,18.7
2025-12-12 18:17:43.188601,18.49,18.69
2025-12-12 18:17:44.735907,18.5,18.7
2025-12-12 18:17:47.187327,18.46,18.66
2025-12-12 18:17:48.663506,18.49,18.69
2025-12-12 18:17:49.205085,18.46,18.66
2025-12-12 18:17:57.993193,18.47,18.67
2025-12-12 18:17:59.808568,18.49,18.69
2025-12-12 18:18:00.425116,18.46,18.66
2025-12-12 18:18:00.877682,18.5,18.7
2025-12-12 18:18:03.209075,18.49,18.69
2025-12-12 18:18:03.885974,18.46,18.66
2025-12-12 18:18:04.420705,18.49,18.69
2025-12-12 18:18:06.608947,18.5,18.7
2025-12-12 18:18:07.188154,18.46,18.66
2025-12-12 18:18:08.364060,18.49,18.69
2025-12-12 18:18:09.862609,18.46,18.66
2025-12-12 18:18:12.376708,18.5,18.7
2025-12-12 18:18:13.162359,18.47,18.67
2025-12-12 18:18:13.630487,18.46,18.66
2025-12-12 18:18:14.491032,18.49,18.69
2025-12-12 18:18:15.218086,18.5,18.7
2025-12-12 18:18:16.209378,18.46,18.66
2025-12-12 18:18:16.736929,18.5,18.7
2025-12-12 18:18:17.462959,18.46,18.66
2025-12-12 18:18:18.469831,18.5,18.7
2025-12-12 18:18:19.874507,18.49,18.69
2025-12-12 18:18:20.535185,18.46,18.66
2025-12-12 18:18:22.353595,18.49,18.69
2025-12-12 18:18:23.808749,18.46,18.66
2025-12-12 18:18:25.645994,18.5,18.7
2025-12-12 18:18:31.149416,18.46,18.66
2025-12-12 18:18:34.487818,18.5,18.7
2025-12-12 18:18:35.221072,18.49,18.69
2025-12-12 18:18:35.700180,18.46,18.66
2025-12-12 18:18:36.669769,18.5,18.7
2025-12-12 18:18:37.227330,18.49,18.69
2025-12-12 18:18:37.705880,18.46,18.66
2025-12-12 18:18:38.466338,18.5,18.7
2025-12-12 18:18:40.404062,18.46,18.66
2025-12-12 18:18:42.882019,18.49,18.69
2025-12-12 18:18:43.645634,18.5,18.7
2025-12-12 18:18:46.218750,18.49,18.69
2025-12-12 18:18:47.592072,18.47,18.67
2025-12-12 18:18:48.145152,18.49,18.69
2025-12-12 18:18:48.701351,18.5,18.7
2025-12-12 18:18:49.263043,18.46,18.66
2025-12-12 18:18:51.072012,18.49,18.69
2025-12-12 18:18:51.497433,18.47,18.67
2025-12-12 18:18:52.172315,18.49,18.69
2025-12-12 18:18:52.557274,18.47,18.67
2025-12-12 18:18:54.014847,18.5,18.7
2025-12-12 18:18:54.556314,18.46,18.66
2025-12-12 18:18:57.231856,18.47,18.67
2025-12-12 18:18:57.779813,18.49,18.69
2025-12-12 18:18:58.489399,18.47,18.67
2025-12-12 18:18:59.621800,18.5,18.7
2025-12-12 18:19:01.990783,18.49,18.69
2025-12-12 18:19:02.861906,18.47,18.67
2025-12-12 18:19:04.034571,18.5,18.7
2025-12-12 18:19:05.521298,18.46,18.66
2025-12-12 18:19:06.195999,18.5,18.7
2025-12-12 18:19:06.711396,18.46,18.66
2025-12-12 18:19:09.907253,18.5,18.7
2025-12-12 18:19:10.856701,18.49,18.69
2025-12-12 18:19:11.630674,18.47,18.67
2025-12-12 18:19:13.063289,18.46,18.66
2025-12-12 18:19:13.544143,18.49,18.69
2025-12-12 18:19:14.276742,18.46,18.66
2025-12-12 18:19:15.836361,18.47,18.67
2025-12-12 18:19:16.351392,18.49,18.69
2025-12-12 18:19:17.612157,18.47,18.67
2025-12-12 18:19:18.392277,18.46,18.66
2025-12-12 18:19:21.852538,18.5,18.7
2025-12-12 18:19:24.425548,18.46,18.66
2025-12-12 18:19:25.046142,18.5,18.7
2025-12-12 18:19:26.056287,18.46,18.66
2025-12-12 18:19:26.721641,18.47,18.67
2025-12-12 18:19:27.557277,18.5,18.7
2025-12-12 18:19:27.771200,18.46,18.66
2025-12-12 18:19:28.421234,18.47,18.67
2025-12-12 18:19:29.103522,18.49,18.69
2025-12-12 18:19:30.332491,18.47,18.67
2025-12-12 18:19:31.382396,18.46,18.66
2025-12-12 18:19:32.346688,18.5,18.7
2025-12-12 18:19:32.795398,18.47,18.67
2025-12-12 18:19:33.589435,18.46,18.66
2025-12-12 18:19:36.683787,18.49,18.69
2025-12-12 18:19:38.294665,18.47,18.67
2025-12-12 18:19:41.552541,18.49,18.69
2025-12-12 18:19:43.548238,18.5,18.7
2025-12-12 18:19:43.863628,18.49,18.69
2025-12-12 18:19:44.592769,18.47,18.67
2025-12-12 18:19:45.707388,18.49,18.69
2025-12-12 18:19:45.955617,18.5,18.7
2025-12-12 18:19:47.006355,18.46,18.66
2025-12-12 18:19:48.183634,18.5,18.7
2025-12-12 18:19:48.757866,18.49,18.69
2025-12-12 18:19:50.918358,18.47,18.67
2025-12-12 18:19:51.361914,18.49,18.69
2025-12-12 18:19:52.260780,18.5,18.7
2025-12-12 18:19:52.994580,18.47,18.67
2025-12-12 18:19:53.709402,18.49,18.69
2025-12-12 18:19:57.231161,18.47,18.67
2025-12-12 18:19:59.472295,18.46,18.66
2025-12-12 18:20:00.169560,18.49,18.69
2025-12-12 18:20:01.271216,18.47,18.67
2025-12-12 18:20:03.307230,18.49,18.69
2025-12-12 18:20:03.775881,18.47,18.67
2025-12-12 18:20:05.758785,18.49,18.69
2025-12-12 18:20:06.766075,18.5,18.7
2025-12-12 18:20:07.275651,18.46,18.66
2025-12-12 18:20:09.995648,18.47,18.67
2025-12-12 18:20:12.527563,18.49,18.69
2025-12-12 18:20:12.912698,18.47,18.67
2025-12-12 18:20:13.593224,18.46,18.66
2025-12-12 18:20:15.697769,18.47,18.67
2025-12-12 18:20:17.470346,18.46,18.66
2025-12-12 18:20:17.982197,18.47,18.67
2025-12-12 18:20:19.746249,18.5,18.7
2025-12-12 18:20:20.900878,18.46,18.66
2025-12-12 18:20:21.460757,18.52,18.72
2025-12-12 18:20:22.187932,18.54,18.74
2025-12-12 18:20:22.928968,18.52,18.72
2025-12-12 18:20:23.961324,18.51,18.71
2025-12-12 18:20:24.584109,18.55,18.75
2025-12-12 18:20:25.285858,18.51,18.71
2025-12-12 18:20:28.545721,18.55,18.75
2025-12-12 18:20:28.965894,18.52,18.72
2025-12-12 18:20:29.886274,18.55,18.75
2025-12-12 18:20:30.401554,18.47,18.67
2025-12-12 18:20:31.203086,18.46,18.66
2025-12-12 18:20:31.628578,18.5,18.7
2025-12-12 18:20:32.162211,18.49,18.69
2025-12-12 18:20:32.754433,18.46,18.66
2025-12-12 18:20:33.376699,18.47,18.67
2025-12-12 18:20:36.380181,18.5,18.7
2025-12-12 18:20:37.385815,18.46,18.66
2025-12-12 18:20:39.302604,18.5,18.7
2025-12-12 18:20:39.769937,18.46,18.66
2025-12-12 18:20:41.057694,18.47,18.67
2025-12-12 18:20:43.297119,18.49,18.69
2025-12-12 18:20:44.607085,18.47,18.67
2025-12-12 18:20:45.166953,18.46,18.66
2025-12-12 18:20:45.848490,18.49,18.69
2025-12-12 18:20:46.313723,18.46,18.66
2025-12-12 18:20:46.562478,18.47,18.67
2025-12-12 18:20:47.057178,18.49,18.69
2025-12-12 18:20:47.240942,18.5,18.7
2025-12-12 18:20:47.955245,18.47,18.67
2025-12-12 18:20:48.908129,18.5,18.7
2025-12-12 18:20:49.358310,18.54,18.74
2025-12-12 18:20:49.855366,18.55,18.75
2025-12-12 18:20:50.736119,18.52,18.72
2025-12-12 18:20:51.601631,18.5,18.7
2025-12-12 18:20:52.126813,18.52,18.72
2025-12-12 18:20:52.822426,18.55,18.75
2025-12-12 18:20:55.670831,18.52,18.72
2025-12-12 18:20:56.922910,18.54,18.74
2025-12-12 18:20:57.432524,18.52,18.72
2025-12-12 18:20:58.584702,18.54,18.74
2025-12-12 18:20:59.605816,18.52,18.72
2025-12-12 18:21:00.306677,18.51,18.71
2025-12-12 18:21:00.668877,18.54,18.74
2025-12-12 18:21:01.431487,18.55,18.75
2025-12-12 18:21:02.278371,18.52,18.72
2025-12-12 18:21:02.852563,18.54,18.74
2025-12-12 18:21:03.549632,18.52,18.72
2025-12-12 18:21:04.135378,18.51,18.71
2025-12-12 18:21:04.677548,18.55,18.75
2025-12-12 18:21:06.490375,18.54,18.74
2025-12-12 18:21:07.217325,18.55,18.75
2025-12-12 18:21:07.824578,18.51,18.71
2025-12-12 18:21:08.394212,18.52,18.72
2025-12-12 18:21:09.979768,18.51,18.71
2025-12-12 18:21:10.582391,18.55,18.75
2025-12-12 18:21:12.006851,18.51,18.71
2025-12-12 18:21:13.274649,18.55,18.75
2025-12-12 18:21:14.581298,18.52,18.72
2025-12-12 18:21:18.397422,18.55,18.75
2025-12-12 18:21:18.999479,18.51,18.71
2025-12-12 18:21:20.090162,18.54,18.74
2025-12-12 18:21:21.027669,18.52,18.72
2025-12-12 18:21:22.515602,18.51,18.71
2025-12-12 18:21:23.294271,18.55,18.75
2025-12-12 18:21:23.626711,18.51,18.71
2025-12-12 18:21:25.894865,18.52,18.72
2025-12-12 18:21:26.763782,18.51,18.71
2025-12-12 18:21:27.514110,18.55,18.75
2025-12-12 18:21:28.672713,18.51,18.71
2025-12-12 18:21:30.325953,18.54,18.74
2025-12-12 18:21:31.148252,18.51,18.71
2025-12-12 18:21:32.171865,18.55,18.75
2025-12-12 18:21:34.964756,18.54,18.74
2025-12-12 18:21:35.473594,18.52,18.72
2025-12-12 18:21:36.122481,18.55,18.75
2025-12-12 18:21:36.872421,18.51,18.71
2025-12-12 18:21:37.526191,18.55,18.75
2025-12-12 18:21:38.235958,18.54,18.74
2025-12-12 18:21:38.823094,18.52,18.72
2025-12-12 18:21:39.969198,18.55,18.75
2025-12-12 18:21:41.118482,18.54,18.74
2025-12-12 18:21:41.678002,18.55,18.75
2025-12-12 18:21:42.638261,18.51,18.71
2025-12-12 18:21:46.419807,18.55,18.75
2025-12-12 18:21:47.973315,18.51,18.71
2025-12-12 18:21:48.482696,18.55,18.75
2025-12-12 18:21:49.930345,18.51,18.71
2025-12-12 18:21:52.515897,18.54,18.74
2025-12-12 18:21:53.103420,18.52,18.72
2025-12-12 18:21:54.511949,18.55,18.75
2025-12-12 18:21:55.071739,18.54,18.74
2025-12-12 18:21:56.748233,18.55,18.75
2025-12-12 18:21:58.157703,18.54,18.74
2025-12-12 18:21:59.008314,18.52,18.72
2025-12-12 18:21:59.629478,18.55,18.75
2025-12-12 18:22:00.293184,18.54,18.74
2025-12-12 18:22:01.618870,18.55,18.75
2025-12-12 18:22:03.079363,18.54,18.74
2025-12-12 18:22:03.865938,18.55,18.75
2025-12-12 18:22:04.584836,18.51,18.71
2025-12-12 18:22:05.530947,18.55,18.75
2025-12-12 18:22:06.402509,18.52,18.72
2025-12-12 18:22:07.382258,18.55,18.75
2025-12-12 18:22:07.829618,18.52,18.72
2025-12-12 18:22:08.436863,18.55,18.75
2025-12-12 18:22:09.652326,18.54,18.74
2025-12-12 18:22:10.801857,18.51,18.71
2025-12-12 18:22:11.385538,18.55,18.75
2025-12-12 18:22:14.161451,18.54,18.74
2025-12-12 18:22:14.409750,18.51,18.71
2025-12-12 18:22:15.636332,18.54,18.74
2025-12-12 18:22:19.077766,18.52,18.72
2025-12-12 18:22:19.583420,18.51,18.71
2025-12-12 18:22:20.635137,18.52,18.72
2025-12-12 18:22:21.939543,18.54,18.74
2025-12-12 18:22:22.441553,18.55,18.75
2025-12-12 18:22:23.416651,18.52,18.72
2025-12-12 18:22:23.962608,18.51,18.71
2025-12-12 18:22:24.746438,18.54,18.74
2025-12-12 18:22:25.337163,18.55,18.75
2025-12-12 18:22:27.306433,18.51,18.71
2025-12-12 18:22:27.741610,18.54,18.74
2025-12-12 18:22:29.343304,18.55,18.75
2025-12-12 18:22:30.178687,18.52,18.72
2025-12-12 18:22:30.842173,18.51,18.71
2025-12-12 18:22:31.952097,18.52,18.72
2025-12-12 18:22:33.016628,18.54,18.74
2025-12-12 18:22:34.010273,18.51,18.71
2025-12-12 18:22:34.639909,18.54,18.74
2025-12-12 18:22:36.206822,18.51,18.71
2025-12-12 18:22:36.791525,18.52,18.72
2025-12-12 18:22:38.626642,18.55,18.75
2025-12-12 18:22:38.872634,18.54,18.74
2025-12-12 18:22:39.644797,18.51,18.71
2025-12-12 18:22:40.337872,18.55,18.75
2025-12-12 18:22:40.813641,18.51,18.71
2025-12-12 18:22:42.367341,18.55,18.75
2025-12-12 18:22:43.638204,18.54,18.74
2025-12-12 18:22:45.012246,18.55,18.75
2025-12-12 18:22:45.814703,18.51,18.71
2025-12-12 18:22:46.077150,18.54,18.74
2025-12-12 18:22:46.868066,18.51,18.71
2025-12-12 18:22:49.482427,18.55,18.75
2025-12-12 18:22:50.023553,18.54,18.74
2025-12-12 18:22:53.216700,18.52,18.72
2025-12-12 18:22:54.714285,18.51,18.71
2025-12-12 18:22:55.807222,18.52,18.72
2025-12-12 18:22:56.360992,18.55,18.75
2025-12-12 18:22:56.645066,18.52,18.72
2025-12-12 18:22:57.553156,18.54,18.74
2025-12-12 18:22:58.639604,18.55,18.75
2025-12-12 18:22:59.309359,18.52,18.72
2025-12-12 18:22:59.912092,18.51,18.71
2025-12-12 18:23:00.225875,18.55,18.75
2025-12-12 18:23:00.509400,18.51,18.71
2025-12-12 18:23:00.909745,18.54,18.74
2025-12-12 18:23:01.711307,18.55,18.75
2025-12-12 18:23:02.151518,18.52,18.72
2025-12-12 18:23:02.643005,18.51,18.71
2025-12-12 18:23:03.700410,18.52,18.72
2025-12-12 18:23:04.244727,18.54,18.74
2025-12-12 18:23:07.074535,18.55,18.75
2025-12-12 18:23:09.037353,18.54,18.74
2025-12-12 18:23:10.180132,18.51,18.71
2025-12-12 18:23:10.710395,18.52,18.72
2025-12-12 18:23:11.208359,18.54,18.74
2025-12-12 18:23:11.981005,18.51,18.71
2025-12-12 18:23:12.469013,18.54,18.74
2025-12-12 18:23:13.180819,18.55,18.75
2025-12-12 18:23:14.181214,18.52,18.72
2025-12-12 18:23:14.911254,18.55,18.75
2025-12-12 18:23:15.686601,18.52,18.72
2025-12-12 18:23:17.039772,18.54,18.74
2025-12-12 18:23:18.397591,18.55,18.75
2025-12-12 18:23:20.308741,18.51,18.71
2025-12-12 18:23:20.819298,18.55,18.75
2025-12-12 18:23:21.484805,18.51,18.71
2025-12-12 18:23:22.743150,18.52,18.72
2025-12-12 18:23:25.310501,18.54,18.74
2025-12-12 18:23:25.778200,18.52,18.72
2025-12-12 18:23:26.838974,18.51,18.71
2025-12-12 18:23:27.350814,18.55,18.75
2025-12-12 18:23:28.621261,18.52,18.72
2025-12-12 18:23:29.676068,18.55,18.75
2025-12-12 18:23:30.336668,18.51,18.71
2025-12-12 18:23:31.464882,18.55,18.75
2025-12-12 18:23:33.758385,18.52,18.72
2025-12-12 18:23:35.312478,18.54,18.74
2025-12-12 18:23:36.381342,18.52,18.72
2025-12-12 18:23:38.274689,18.54,18.74
2025-12-12 18:23:40.049602,18.51,18.71
2025-12-12 18:23:40.762397,18.52,18.72
2025-12-12 18:23:41.680104,18.54,18.74
2025-12-12 18:23:42.914835,18.55,18.75
2025-12-12 18:23:44.788948,18.54,18.74
2025-12-12 18:23:45.590400,18.51,18.71
2025-12-12 18:23:46.583277,18.52,18.72
2025-12-12 18:23:47.343955,18.55,18.75
2025-12-12 18:23:47.903626,18.51,18.71
2025-12-12 18:23:48.284854,18.52,18.72
2025-12-12 18:23:50.018250,18.51,18.71
2025-12-12 18:23:51.432559,18.55,18.75
2025-12-12 18:23:51.899423,18.52,18.72
2025-12-12 18:23:52.424560,18.55,18.75
2025-12-12 18:23:52.917410,18.52,18.72
2025-12-12 18:23:54.474521,18.51,18.71
2025-12-12 18:23:54.910831,18.54,18.74
2025-12-12 18:23:55.560034,18.51,18.71
2025-12-12 18:23:56.509406,18.55,18.75
2025-12-12 18:23:57.218315,18.52,18.72
2025-12-12 18:23:58.880969,18.55,18.75
2025-12-12 18:24:00.280291,18.52,18.72
2025-12-12 18:24:01.066076,18.55,18.75
2025-12-12 18:24:02.766916,18.54,18.74
2025-12-12 18:24:03.893211,18.52,18.72
2025-12-12 18:24:04.486067,18.54,18.74
2025-12-12 18:24:05.149795,18.55,18.75
2025-12-12 18:24:08.182983,18.51,18.71
2025-12-12 18:24:10.079180,18.55,18.75
2025-12-12 18:24:10.507147,18.52,18.72
2025-12-12 18:24:11.643229,18.55,18.75
2025-12-12 18:24:13.190784,18.54,18.74
2025-12-12 18:24:14.086793,18.52,18.72
2025-12-12 18:24:16.259382,18.55,18.75
2025-12-12 18:24:16.833604,18.54,18.74
2025-12-12 18:24:17.676729,18.55,18.75
2025-12-12 18:24:19.749360,18.51,18.71
2025-12-12 18:24:20.904114,18.54,18.74
2025-12-12 18:24:21.895161,18.55,18.75
2025-12-12 18:24:22.294555,18.52,18.72
2025-12-12 18:24:23.816445,18.55,18.75
2025-12-12 18:24:26.724057,18.54,18.74
2025-12-12 18:24:27.827447,18.51,18.71
2025-12-12 18:24:28.709755,18.55,18.75
2025-12-12 18:24:29.628147,18.52,18.72
2025-12-12 18:24:30.108021,18.51,18.71
2025-12-12 18:24:30.866962,18.52,18.72
2025-12-12 18:24:31.795272,18.54,18.74
2025-12-12 18:24:34.080386,18.51,18.71
2025-12-12 18:24:34.723549,18.54,18.74
2025-12-12 18:24:36.201403,18.55,18.75
2025-12-12 18:24:36.817290,18.54,18.74
2025-12-12 18:24:37.832976,18.52,18.72
2025-12-12 18:24:38.732957,18.51,18.71
2025-12-12 18:24:40.553418,18.52,18.72
2025-12-12 18:24:41.029220,18.54,18.74
2025-12-12 18:24:41.724782,18.52,18.72
2025-12-12 18:24:42.982776,18.51,18.71
2025-12-12 18:24:44.719887,18.54,18.74
2025-12-12 18:24:46.735369,18.55,18.75
2025-12-12 18:24:46.954202,18.52,18.72
2025-12-12 18:24:47.620641,18.55,18.75
2025-12-12 18:24:49.839863,18.52,18.72
2025-12-12 18:24:50.321299,18.51,18.71
2025-12-12 18:24:51.495187,18.55,18.75
2025-12-12 18:24:52.781960,18.54,18.74
2025-12-12 18:24:53.468205,18.51,18.71
2025-12-12 18:24:53.986423,18.54,18.74
2025-12-12 18:24:54.481132,18.55,18.75
2025-12-12 18:24:55.032903,18.52,18.72
2025-12-12 18:24:56.676141,18.51,18.71
2025-12-12 18:24:58.938664,18.52,18.72
2025-12-12 18:24:59.654752,18.54,18.74
2025-12-12 18:25:00.181703,18.51,18.71
2025-12-12 18:25:00.804657,18.55,18.75
2025-12-12 18:25:01.399783,18.54,18.74
2025-12-12 18:25:02.056837,18.52,18.72
2025-12-12 18:25:02.543547,18.51,18.71
2025-12-12 18:25:03.137260,18.52,18.72
2025-12-12 18:25:03.697503,18.51,18.71
2025-12-12 18:25:04.364005,18.52,18.72
2025-12-12 18:25:05.036532,18.55,18.75
2025-12-12 18:25:07.407861,18.52,18.72
2025-12-12 18:25:08.584063,18.51,18.71
2025-12-12 18:25:10.240301,18.54,18.74
2025-12-12 18:25:11.735524,18.55,18.75
2025-12-12 18:25:12.503848,18.54,18.74
2025-12-12 18:25:14.272634,18.51,18.71
2025-12-12 18:25:15.386957,18.54,18.74
2025-12-12 18:25:16.276782,18.51,18.71
2025-12-12 18:25:16.501395,18.54,18.74
2025-12-12 18:25:17.519119,18.51,18.71
2025-12-12 18:25:18.127046,18.52,18.72
2025-12-12 18:25:18.577676,18.55,18.75
2025-12-12 18:25:20.055859,18.54,18.74
2025-12-12 18:25:20.461529,18.51,18.71
2025-12-12 18:25:20.982701,18.55,18.75
2025-12-12 18:25:22.897099,18.51,18.71
2025-12-12 18:25:24.958886,18.55,18.75
2025-12-12 18:25:25.146448,18.54,18.74
2025-12-12 18:25:25.938868,18.52,18.72
2025-12-12 18:25:26.716281,18.51,18.71
2025-12-12 18:25:27.712579,18.55,18.75
2025-12-12 18:25:28.407935,18.52,18.72
2025-12-12 18:25:29.090568,18.54,18.74
2025-12-12 18:25:29.995269,18.52,18.72
2025-12-12 18:25:30.504845,18.51,18.71
2025-12-12 18:25:31.151409,18.54,18.74
2025-12-12 18:25:31.481987,18.51,18.71
2025-12-12 18:25:32.267444,18.55,18.75
2025-12-12 18:25:33.475612,18.54,18.74
2025-12-12 18:25:33.983578,18.51,18.71
2025-12-12 18:25:35.269542,18.52,18.72
2025-12-12 18:25:36.386929,18.54,18.74
2025-12-12 18:25:37.843348,18.51,18.71
2025-12-12 18:25:38.802790,18.54,18.74
2025-12-12 18:25:39.636780,18.52,18.72
2025-12-12 18:25:41.138665,18.55,18.75
2025-12-12 18:25:41.569475,18.51,18.71
2025-12-12 18:25:42.298182,18.55,18.75
2025-12-12 18:25:42.563990,18.51,18.71
2025-12-12 18:25:43.048973,18.55,18.75
2025-12-12 18:25:43.999800,18.51,18.71
2025-12-12 18:25:45.292044,18.55,18.75
2025-12-12 18:25:45.889482,18.51,18.71
2025-12-12 18:25:48.085416,18.54,18.74
2025-12-12 18:25:48.910063,18.51,18.71
2025-12-12 18:25:51.221021,18.52,18.72
2025-12-12 18:25:52.254353,18.54,18.74
2025-12-12 18:25:53.747883,18.52,18.72
2025-12-12 18:25:54.506187,18.51,18.71
2025-12-12 18:25:55.202178,18.55,18.75
2025-12-12 18:25:57.386441,18.52,18.72
2025-12-12 18:25:59.164339,18.54,18.74
2025-12-12 18:25:59.867252,18.52,18.72
2025-12-12 18:26:01.150808,18.51,18.71
2025-12-12 18:26:01.810204,18.55,18.75
2025-12-12 18:26:02.323141,18.52,18.72
2025-12-12 18:26:03.618688,18.55,18.75
2025-12-12 18:26:06.586826,18.54,18.74
2025-12-12 18:26:08.016051,18.51,18.71
2025-12-12 18:26:10.467460,18.54,18.74
2025-12-12 18:26:12.053368,18.55,18.75
2025-12-12 18:26:12.877371,18.51,18.71
2025-12-12 18:26:14.126748,18.55,18.75
2025-12-12 18:26:14.831039,18.54,18.74
2025-12-12 18:26:15.635813,18.51,18.71
2025-12-12 18:26:17.715799,18.55,18.75
2025-12-12 18:26:18.211436,18.52,18.72
2025-12-12 18:26:19.560223,18.54,18.74
2025-12-12 18:26:19.894519,18.52,18.72
2025-12-12 18:26:22.132849,18.51,18.71
2025-12-12 18:26:22.930228,18.54,18.74
2025-12-12 18:26:24.699282,18.52,18.72
2025-12-12 18:26:25.455878,18.54,18.74
2025-12-12 18:26:25.862935,18.55,18.75
2025-12-12 18:26:26.607329,18.54,18.74
2025-12-12 18:26:27.357898,18.52,18.72
2025-12-12 18:26:28.097228,18.55,18.75
2025-12-12 18:26:28.567791,18.52,18.72
2025-12-12 18:26:29.587000,18.55,18.75
2025-12-12 18:26:30.503577,18.54,18.74
2025-12-12 18:26:34.421512,18.51,18.71
2025-12-12 18:26:35.519742,18.55,18.75
2025-12-12 18:26:36.032708,18.51,18.71
2025-12-12 18:26:37.318431,18.52,18.72
2025-12-12 18:26:37.923347,18.55,18.75
2025-12-12 18:26:41.209487,18.51,18.71
2025-12-12 18:26:42.308331,18.55,18.75
2025-12-12 18:26:43.781662,18.52,18.72
2025-12-12 18:26:44.708460,18.55,18.75
2025-12-12 18:26:47.547874,18.52,18.72
2025-12-12 18:26:48.743311,18.51,18.71
2025-12-12 18:26:50.090726,18.54,18.74
2025-12-12 18:26:51.624170,18.51,18.71
2025-12-12 18:26:52.728269,18.55,18.75
2025-12-12 18:26:54.371953,18.54,18.74
2025-12-12 18:26:54.835437,18.52,18.72
2025-12-12 18:26:55.859215,18.51,18.71
2025-12-12 18:26:56.311074,18.54,18.74
2025-12-12 18:26:58.375768,18.52,18.72
2025-12-12 18:26:58.979797,18.55,18.75
2025-12-12 18:26:59.462439,18.54,18.74
2025-12-12 18:26:59.953956,18.51,18.71
2025-12-12 18:27:00.447749,18.54,18.74
2025-12-12 18:27:01.442564,18.55,18.75
2025-12-12 18:27:01.858154,18.51,18.71
2025-12-12 18:27:02.851495,18.55,18.75
2025-12-12 18:27:03.633099,18.52,18.72
2025-12-12 18:27:04.656265,18.55,18.75
2025-12-12 18:27:07.996011,18.51,18.71
2025-12-12 18:27:08.757077,18.54,18.74
2025-12-12 18:27:09.934496,18.52,18.72
2025-12-12 18:27:10.443471,18.54,18.74
2025-12-12 18:27:11.688615,18.55,18.75
2025-12-12 18:27:12.556305,18.54,18.74
2025-12-12 18:27:13.132442,18.52,18.72
2025-12-12 18:27:14.436349,18.51,18.71
2025-12-12 18:27:17.147648,18.54,18.74
2025-12-12 18:27:17.596118,18.52,18.72
2025-12-12 18:27:18.548190,18.54,18.74
2025-12-12 18:27:18.929798,18.52,18.72
2025-12-12 18:27:23.143816,18.51,18.71
2025-12-12 18:27:23.816012,18.55,18.75
2025-12-12 18:27:24.744681,18.51,18.71
2025-12-12 18:27:25.688186,18.55,18.75
2025-12-12 18:27:26.877863,18.54,18.74
2025-12-12 18:27:29.048973,18.55,18.75
2025-12-12 18:27:29.232205,18.51,18.71
2025-12-12 18:27:30.053494,18.52,18.72
2025-12-12 18:27:32.454438,18.51,18.71
2025-12-12 18:27:34.930498,18.52,18.72
2025-12-12 18:27:36.106385,18.54,18.74
2025-12-12 18:27:36.925914,18.55,18.75
2025-12-12 18:27:37.620401,18.51,18.71
2025-12-12 18:27:38.871405,18.54,18.74
2025-12-12 18:27:39.706374,18.52,18.72
2025-12-12 18:27:40.834685,18.55,18.75
2025-12-12 18:27:41.316719,18.52,18.72
2025-12-12 18:27:41.887782,18.51,18.71
2025-12-12 18:27:43.420706,18.55,18.75
2025-12-12 18:27:45.241573,18.52,18.72
2025-12-12 18:27:46.386833,18.54,18.74
2025-12-12 18:27:47.400152,18.52,18.72
2025-12-12 18:27:47.895232,18.55,18.75
2025-12-12 18:27:49.526992,18.51,18.71
2025-12-12 18:27:56.422950,18.55,18.75
2025-12-12 18:27:57.201647,18.52,18.72
2025-12-12 18:27:59.519565,18.55,18.75
2025-12-12 18:27:59.786539,18.51,18.71
2025-12-12 18:28:00.898423,18.52,18.72
2025-12-12 18:28:01.035935,18.51,18.71
2025-12-12 18:28:01.738115,18.55,18.75
2025-12-12 18:28:02.958833,18.51,18.71
2025-12-12 18:28:04.917642,18.54,18.74
2025-12-12 18:28:06.084175,18.52,18.72
2025-12-12 18:28:07.007903,18.54,18.74
2025-12-12 18:28:07.960637,18.51,18.71
2025-12-12 18:28:09.657510,18.52,18.72
2025-12-12 18:28:11.854732,18.54,18.74
2025-12-12 18:28:16.253286,18.55,18.75
2025-12-12 18:28:17.920046,18.52,18.72
2025-12-12 18:28:18.184959,18.55,18.75
2025-12-12 18:28:18.692046,18.51,18.71
2025-12-12 18:28:19.099453,18.52,18.72
2025-12-12 18:28:21.018945,18.54,18.74
2025-12-12 18:28:22.093829,18.51,18.71
2025-12-12 18:28:28.820671,18.54,18.74
2025-12-12 18:28:29.777259,18.51,18.71
2025-12-12 18:28:30.656449,18.55,18.75
2025-12-12 18:28:31.226992,18.51,18.71
2025-12-12 18:28:31.769207,18.52,18.72
2025-12-12 18:28:33.965864,18.54,18.74
2025-12-12 18:28:35.073803,18.52,18.72
2025-12-12 18:28:35.515185,18.55,18.75
2025-12-12 18:28:36.207289,18.51,18.71
2025-12-12 18:28:38.653804,18.52,18.72
2025-12-12 18:28:39.321030,18.51,18.71
2025-12-12 18:28:39.832545,18.55,18.75
2025-12-12 18:28:42.356298,18.52,18.72
2025-12-12 18:28:43.648347,18.55,18.75
2025-12-12 18:28:44.347939,18.54,18.74
2025-12-12 18:28:44.837465,18.51,18.71
2025-12-12 18:28:45.655703,18.55,18.75
2025-12-12 18:28:46.345431,18.54,18.74
2025-12-12 18:28:47.676420,18.55,18.75
2025-12-12 18:28:49.311637,18.54,18.74
2025-12-12 18:28:52.584117,18.52,18.72
2025-12-12 18:28:53.408360,18.51,18.71
2025-12-12 18:28:59.229129,18.55,18.75
2025-12-12 18:28:59.788020,18.51,18.71
2025-12-12 18:29:00.620960,18.54,18.74
2025-12-12 18:29:01.553287,18.55,18.75
2025-12-12 18:29:02.159158,18.51,18.71
2025-12-12 18:29:02.734885,18.55,18.75
2025-12-12 18:29:03.693979,18.54,18.74
2025-12-12 18:29:04.704518,18.51,18.71
2025-12-12 18:29:05.574335,18.55,18.75
2025-12-12 18:29:09.229542,18.54,18.74
2025-12-12 18:29:09.790692,18.51,18.71
2025-12-12 18:29:10.714356,18.54,18.74
2025-12-12 18:29:11.994306,18.55,18.75
2025-12-12 18:29:17.684719,18.51,18.71
2025-12-12 18:29:19.882626,18.55,18.75
2025-12-12 18:29:20.513778,18.52,18.72
2025-12-12 18:29:22.313092,18.55,18.75
2025-12-12 18:29:23.202396,18.51,18.71
2025-12-12 18:29:24.039390,18.55,18.75
2025-12-12 18:29:25.574585,18.51,18.71
2025-12-12 18:29:26.366312,18.55,18.75
2025-12-12 18:29:27.056051,18.54,18.74
2025-12-12 18:29:28.231360,18.52,18.72
2025-12-12 18:29:31.068687,18.54,18.74
2025-12-12 18:29:32.994642,18.51,18.71
2025-12-12 18:29:37.498519,18.54,18.74
2025-12-12 18:29:37.939335,18.55,18.75
2025-12-12 18:29:38.039227,18.52,18.72
2025-12-12 18:29:38.563983,18.54,18.74
2025-12-12 18:29:39.021013,18.52,18.72
2025-12-12 18:29:39.640985,18.51,18.71
2025-12-12 18:29:41.783350,18.55,18.75
2025-12-12 18:29:42.621813,18.51,18.71
2025-12-12 18:29:44.272873,18.55,18.75
2025-12-12 18:29:45.081082,18.54,18.74
2025-12-12 18:29:46.537662,18.52,18.72
2025-12-12 18:29:48.885905,18.51,18.71
2025-12-12 18:29:49.270721,18.52,18.72
2025-12-12 18:29:50.442616,18.55,18.75
2025-12-12 18:29:51.150711,18.51,18.71
2025-12-12 18:29:53.143364,18.54,18.74
2025-12-12 18:29:54.259601,18.51,18.71
2025-12-12 18:29:55.187096,18.55,18.75
2025-12-12 18:29:56.350294,18.54,18.74
2025-12-12 18:29:57.084304,18.52,18.72
2025-12-12 18:29:59.134557,18.54,18.74
2025-12-12 18:29:59.552246,18.51,18.71
2025-12-12 18:30:00.017568,18.47,18.67
2025-12-12 18:30:00.723708,18.5,18.7
2025-12-12 18:30:01.143236,18.47,18.67
2025-12-12 18:30:01.638762,18.5,18.7
2025-12-12 18:30:02.349901,18.47,18.67
2025-12-12 18:30:04.123261,18.49,18.69
2025-12-12 18:30:05.724939,18.46,18.66
2025-12-12 18:30:06.439980,18.47,18.67
2025-12-12 18:30:07.847845,18.49,18.69
2025-12-12 18:30:09.334695,18.46,18.66
2025-12-12 18:30:09.860752,18.47,18.67
2025-12-12 18:30:10.625248,18.5,18.7
2025-12-12 18:30:13.999759,18.47,18.67
2025-12-12 18:30:14.431212,18.46,18.66
2025-12-12 18:30:15.333515,18.49,18.69
2025-12-12 18:30:16.149457,18.47,18.67
2025-12-12 18:30:17.285102,18.5,18.7
2025-12-12 18:30:18.348884,18.49,18.69
2025-12-12 18:30:20.564913,18.47,18.67
2025-12-12 18:30:20.982930,18.46,18.66
2025-12-12 18:30:21.609700,18.49,18.69
2025-12-12 18:30:22.317350,18.5,18.7
2025-12-12 18:30:23.322892,18.47,18.67
2025-12-12 18:30:24.023501,18.46,18.66
2025-12-12 18:30:25.750180,18.5,18.7
2025-12-12 18:30:27.251171,18.47,18.67
2025-12-12 18:30:28.618805,18.5,18.7
2025-12-12 18:30:29.242012,18.46,18.66
2025-12-12 18:30:30.009236,18.5,18.7
2025-12-12 18:30:30.769072,18.46,18.66
2025-12-12 18:30:32.550484,18.49,18.69
2025-12-12 18:30:34.537971,18.46,18.66
2025-12-12 18:30:35.009169,18.49,18.69
2025-12-12 18:30:36.805126,18.46,18.66
2025-12-12 18:30:37.517358,18.5,18.7
2025-12-12 18:30:39.227975,18.49,18.69
2025-12-12 18:30:39.937196,18.47,18.67
2025-12-12 18:30:40.124348,18.46,18.66
2025-12-12 18:30:40.741721,18.49,18.69
2025-12-12 18:30:41.609573,18.47,18.67
2025-12-12 18:30:45.443187,18.5,18.7
2025-12-12 18:30:46.135360,18.49,18.69
2025-12-12 18:30:48.119338,18.47,18.67
2025-12-12 18:30:49.581437,18.5,18.7
2025-12-12 18:30:50.710821,18.46,18.66
2025-12-12 18:30:51.196134,18.49,18.69
2025-12-12 18:30:51.696849,18.5,18.7
2025-12-12 18:30:52.684512,18.46,18.66
2025-12-12 18:30:53.133508,18.47,18.67
2025-12-12 18:30:53.875534,18.46,18.66
2025-12-12 18:30:54.074237,18.5,18.7
2025-12-12 18:30:54.340092,18.46,18.66
2025-12-12 18:30:54.607692,18.47,18.67
2025-12-12 18:30:54.931794,18.46,18.66
2025-12-12 18:30:55.760400,18.47,18.67
2025-12-12 18:30:56.140971,18.46,18.66
2025-12-12 18:30:56.339775,18.47,18.67
2025-12-12 18:30:57.671478,18.5,18.7
2025-12-12 18:30:58.216979,18.47,18.67
2025-12-12 18:30:59.270973,18.49,18.69
2025-12-12 18:30:59.854176,18.5,18.7
2025-12-12 18:31:01.733333,18.47,18.67
2025-12-12 18:31:02.225827,18.55,18.75
2025-12-12 18:31:02.830335,18.54,18.74
2025-12-12 18:31:03.526773,18.51,18.71
2025-12-12 18:31:04.523890,18.46,18.66
2025-12-12 18:31:07.996428,18.49,18.74
2025-12-12 18:31:08.584368,18.55,18.75
2025-12-12 18:31:09.502248,18.54,18.74
2025-12-12 18:31:10.141482,18.51,18.71
2025-12-12 18:31:10.588363,18.55,18.75
2025-12-12 18:31:11.894262,18.51,18.71
2025-12-12 18:31:12.668062,18.52,18.72
2025-12-12 18:31:13.410321,18.51,18.71
2025-12-12 18:31:14.109749,18.52,18.72
2025-12-12 18:31:15.395376,18.51,18.71
2025-12-12 18:31:16.681144,18.55,18.75
2025-12-12 18:31:17.120873,18.52,18.72
2025-12-12 18:31:17.617211,18.47,18.67
2025-12-12 18:31:18.563830,18.51,18.71
2025-12-12 18:31:19.092441,18.46,18.71
2025-12-12 18:31:20.025303,18.52,18.72
2025-12-12 18:31:20.687454,18.49,18.69
2025-12-12 18:31:21.835795,18.46,18.66
2025-12-12 18:31:22.884213,18.5,18.7
2025-12-12 18:31:23.458615,18.49,18.69
2025-12-12 18:31:23.964317,18.46,18.66
2025-12-12 18:31:24.225034,18.47,18.67
2025-12-12 18:31:25.737192,18.46,18.66
2025-12-12 18:31:26.259066,18.47,18.67
2025-12-12 18:31:26.957028,18.5,18.7
2025-12-12 18:31:28.281919,18.46,18.66
2025-12-12 18:31:29.473726,18.5,18.7
2025-12-12 18:31:33.611990,18.46,18.66
2025-12-12 18:31:34.163008,18.47,18.67
2025-12-12 18:31:34.797056,18.49,18.69
2025-12-12 18:31:35.822381,18.46,18.66
2025-12-12 18:31:37.617612,18.47,18.67
2025-12-12 18:31:38.329934,18.5,18.7
2025-12-12 18:31:38.604097,18.47,18.67
2025-12-12 18:31:38.882784,18.46,18.66
2025-12-12 18:31:39.684475,18.5,18.7
2025-12-12 18:31:42.999444,18.46,18.66
2025-12-12 18:31:44.096979,18.47,18.67
2025-12-12 18:31:44.988154,18.5,18.7
2025-12-12 18:31:46.351669,18.47,18.67
2025-12-12 18:31:48.687117,18.46,18.66
2025-12-12 18:31:49.486366,18.5,18.7
2025-12-12 18:31:49.724843,18.46,18.66
2025-12-12 18:31:52.136085,18.49,18.69
2025-12-12 18:31:52.435222,18.47,18.67
2025-12-12 18:31:52.691885,18.46,18.66
2025-12-12 18:31:53.646901,18.49,18.69
2025-12-12 18:31:53.882115,18.5,18.7
2025-12-12 18:31:56.843363,18.49,18.69
2025-12-12 18:31:59.032805,18.5,18.7
2025-12-12 18:31:59.580194,18.49,18.69
2025-12-12 18:32:00.332998,18.46,18.66
2025-12-12 18:32:01.557759,18.5,18.7
2025-12-12 18:32:05.351362,18.47,18.67
2025-12-12 18:32:06.351991,18.49,18.69
2025-12-12 18:32:07.394335,18.5,18.7
2025-12-12 18:32:08.195675,18.46,18.66
2025-12-12 18:32:09.347641,18.49,18.69
2025-12-12 18:32:10.008796,18.51,18.71
2025-12-12 18:32:10.779708,18.54,18.74
2025-12-12 18:32:12.601981,18.52,18.72
2025-12-12 18:32:14.748812,18.55,18.75
2025-12-12 18:32:15.648856,18.52,18.72
2025-12-12 18:32:16.395571,18.49,18.69
2025-12-12 18:32:19.305285,18.47,18.67
2025-12-12 18:32:19.931776,18.46,18.66
2025-12-12 18:32:20.348282,18.5,18.7
2025-12-12 18:32:21.304181,18.49,18.69
2025-12-12 18:32:23.275215,18.47,18.67
2025-12-12 18:32:23.646969,18.5,18.7
2025-12-12 18:32:24.478248,18.46,18.66
2025-12-12 18:32:24.986452,18.5,18.7
2025-12-12 18:32:26.607486,18.47,18.67
2025-12-12 18:32:27.152657,18.46,18.66
2025-12-12 18:32:27.929082,18.5,18.7
2025-12-12 18:32:28.344359,18.49,18.69
2025-12-12 18:32:29.073590,18.47,18.67
2025-12-12 18:32:31.913810,18.46,18.66
2025-12-12 18:32:34.269834,18.49,18.69
2025-12-12 18:32:35.076095,18.5,18.7
2025-12-12 18:32:36.055775,18.49,18.69
2025-12-12 18:32:36.639748,18.5,18.7
2025-12-12 18:32:41.393915,18.49,18.69
2025-12-12 18:32:41.905521,18.47,18.67
2025-12-12 18:32:42.648893,18.5,18.7
2025-12-12 18:32:43.270970,18.49,18.69
2025-12-12 18:32:43.888547,18.46,18.66
2025-12-12 18:32:44.650084,18.5,18.7
2025-12-12 18:32:45.169869,18.49,18.69
2025-12-12 18:32:47.768560,18.46,18.66
2025-12-12 18:32:49.275257,18.47,18.67
2025-12-12 18:32:50.011284,18.5,18.7
2025-12-12 18:32:50.774517,18.49,18.69
2025-12-12 18:32:51.627416,18.47,18.67
2025-12-12 18:32:54.098417,18.54,18.74
2025-12-12 18:32:55.278901,18.52,18.72
2025-12-12 18:32:56.755681,18.55,18.75
2025-12-12 18:32:58.229129,18.52,18.72
2025-12-12 18:32:59.546428,18.55,18.75
2025-12-12 18:33:00.277937,18.51,18.71
2025-12-12 18:33:01.335505,18.52,18.72
2025-12-12 18:33:02.544703,18.54,18.74
2025-12-12 18:33:04.020369,18.55,18.75
2025-12-12 18:33:04.949145,18.52,18.72
2025-12-12 18:33:05.431770,18.51,18.71
2025-12-12 18:33:06.104207,18.55,18.75
2025-12-12 18:33:07.111431,18.51,18.71
2025-12-12 18:33:07.777451,18.54,18.74
2025-12-12 18:33:08.705198,18.52,18.72
2025-12-12 18:33:10.058290,18.51,18.71
2025-12-12 18:33:12.058935,18.52,18.72
2025-12-12 18:33:12.600863,18.51,18.71
2025-12-12 18:33:13.529712,18.54,18.74
2025-12-12 18:33:14.584635,18.51,18.71
2025-12-12 18:33:15.412543,18.55,18.75
2025-12-12 18:33:18.079825,18.52,18.72
2025-12-12 18:33:19.089507,18.54,18.74
2025-12-12 18:33:20.481133,18.51,18.71
2025-12-12 18:33:20.997648,18.52,18.72
2025-12-12 18:33:21.408912,18.55,18.75
2025-12-12 18:33:22.047240,18.52,18.72
2025-12-12 18:33:22.630833,18.51,18.71
2025-12-12 18:33:24.484702,18.54,18.74
2025-12-12 18:33:24.738235,18.55,18.75
2025-12-12 18:33:26.355350,18.54,18.74
2025-12-12 18:33:26.980462,18.55,18.75
2025-12-12 18:33:28.096517,18.51,18.71
2025-12-12 18:33:28.987194,18.52,18.72
2025-12-12 18:33:29.190194,18.51,18.71
2025-12-12 18:33:29.939868,18.54,18.74
2025-12-12 18:33:30.470519,18.47,18.67
2025-12-12 18:33:30.989893,18.5,18.7
2025-12-12 18:33:32.019674,18.47,18.67
2025-12-12 18:33:32.903229,18.5,18.7
2025-12-12 18:33:33.537099,18.49,18.69
2025-12-12 18:33:34.097414,18.5,18.7
2025-12-12 18:33:35.329898,18.46,18.66
2025-12-12 18:33:36.034843,18.49,18.69
2025-12-12 18:33:37.130775,18.47,18.67
2025-12-12 18:33:37.426223,18.5,18.7
2025-12-12 18:33:38.468355,18.49,18.69
2025-12-12 18:33:39.058881,18.47,18.67
2025-12-12 18:33:40.349201,18.46,18.66
2025-12-12 18:33:41.731744,18.49,18.69
2025-12-12 18:33:42.925683,18.46,18.66
2025-12-12 18:33:43.123367,18.49,18.69
2025-12-12 18:33:43.698277,18.47,18.67
2025-12-12 18:33:45.676088,18.49,18.69
2025-12-12 18:33:46.888683,18.5,18.7
2025-12-12 18:33:50.222232,18.47,18.67
2025-12-12 18:33:51.693060,18.46,18.66
2025-12-12 18:33:52.243214,18.5,18.7
2025-12-12 18:33:53.089526,18.49,18.69
2025-12-12 18:33:54.141562,18.5,18.7
2025-12-12 18:33:54.685792,18.49,18.69
2025-12-12 18:33:55.316619,18.5,18.7
2025-12-12 18:33:55.734568,18.49,18.69
2025-12-12 18:33:56.766879,18.47,18.67
2025-12-12 18:33:57.278818,18.46,18.66
2025-12-12 18:34:01.267155,18.5,18.7
2025-12-12 18:34:03.144559,18.46,18.66
2025-12-12 18:34:04.335469,18.49,18.69
2025-12-12 18:34:05.474303,18.5,18.7
2025-12-12 18:34:06.977803,18.49,18.69
2025-12-12 18:34:07.900602,18.5,18.7
2025-12-12 18:34:08.673869,18.46,18.66
2025-12-12 18:34:09.677591,18.5,18.7
2025-12-12 18:34:11.168273,18.47,18.67
2025-12-12 18:34:11.646324,18.49,18.69
2025-12-12 18:34:13.367288,18.46,18.66
2025-12-12 18:34:14.253555,18.49,18.69
2025-12-12 18:34:16.747829,18.46,18.66
2025-12-12 18:34:17.460531,18.5,18.7
2025-12-12 18:34:19.530404,18.46,18.66
2025-12-12 18:34:20.213242,18.5,18.7
2025-12-12 18:34:21.235772,18.49,18.69
2025-12-12 18:34:21.704202,18.46,18.66
2025-12-12 18:34:24.422323,18.49,18.69
2025-12-12 18:34:28.835337,18.47,18.67
2025-12-12 18:34:29.536889,18.46,18.66
2025-12-12 18:34:30.061967,18.47,18.67
2025-12-12 18:34:31.055175,18.5,18.7
2025-12-12 18:34:31.638007,18.47,18.67
2025-12-12 18:34:32.614034,18.46,18.66
2025-12-12 18:34:34.270471,18.5,18.7
2025-12-12 18:34:34.864596,18.49,18.69
2025-12-12 18:34:35.595252,18.5,18.7
2025-12-12 18:34:36.208078,18.46,18.66
2025-12-12 18:34:38.037016,18.49,18.69
2025-12-12 18:34:39.045824,18.46,18.66
2025-12-12 18:34:39.957620,18.5,18.7
2025-12-12 18:34:40.127684,18.49,18.69
2025-12-12 18:34:41.507916,18.46,18.66
2025-12-12 18:34:41.783520,18.49,18.69
2025-12-12 18:34:42.653986,18.5,18.7
2025-12-12 18:34:43.761599,18.49,18.69
2025-12-12 18:34:44.292113,18.46,18.66
2025-12-12 18:34:46.471285,18.47,18.67
2025-12-12 18:34:47.215471,18.46,18.66
2025-12-12 18:34:47.773202,18.49,18.69
2025-12-12 18:34:49.215564,18.5,18.7
2025-12-12 18:34:50.530047,18.47,18.67
2025-12-12 18:34:52.735010,18.49,18.69
2025-12-12 18:34:52.981661,18.47,18.67
2025-12-12 18:34:55.570788,18.5,18.7
2025-12-12 18:34:56.453854,18.49,18.69
2025-12-12 18:34:56.977540,18.47,18.67
2025-12-12 18:34:59.603699,18.46,18.66
2025-12-12 18:35:00.490371,18.49,18.69
2025-12-12 18:35:01.403741,18.47,18.67
2025-12-12 18:35:01.912013,18.49,18.69
2025-12-12 18:35:02.576363,18.5,18.7
2025-12-12 18:35:05.633054,18.46,18.66
2025-12-12 18:35:07.889262,18.49,18.69
2025-12-12 18:35:15.305639,18.47,18.67
2025-12-12 18:35:15.888723,18.46,18.66
2025-12-12 18:35:16.964029,18.47,18.67
2025-12-12 18:35:17.959414,18.5,18.7
2025-12-12 18:35:18.374960,18.46,18.66
2025-12-12 18:35:19.818960,18.49,18.69
2025-12-12 18:35:20.173679,18.5,18.7
2025-12-12 18:35:20.437638,18.47,18.67
2025-12-12 18:35:21.755407,18.46,18.66
2025-12-12 18:35:22.572533,18.47,18.67
2025-12-12 18:35:23.831022,18.5,18.7
2025-12-12 18:35:26.832323,18.46,18.66
2025-12-12 18:35:27.777245,18.5,18.7
2025-12-12 18:35:28.255923,18.47,18.67
2025-12-12 18:35:28.767331,18.46,18.66
2025-12-12 18:35:30.632389,18.5,18.7
2025-12-12 18:35:37.621613,18.47,18.67
2025-12-12 18:35:43.159608,18.46,18.66
2025-12-12 18:35:44.305323,18.47,18.67
2025-12-12 18:35:44.823695,18.46,18.66
2025-12-12 18:35:46.677295,18.49,18.69
2025-12-12 18:35:47.114178,18.46,18.66
2025-12-12 18:35:47.485920,18.47,18.67
2025-12-12 18:35:48.185684,18.46,18.66
2025-12-12 18:35:48.681705,18.5,18.7
2025-12-12 18:35:49.331177,18.46,18.66
2025-12-12 18:35:50.842719,18.5,18.7
2025-12-12 18:35:51.556118,18.49,18.69
2025-12-12 18:35:52.380612,18.5,18.7
2025-12-12 18:35:54.381012,18.46,18.66
2025-12-12 18:35:54.602937,18.47,18.67
2025-12-12 18:35:57.705243,18.49,18.69
2025-12-12 18:35:59.255145,18.47,18.67
2025-12-12 18:36:00.437380,18.46,18.66
2025-12-12 18:36:00.766423,18.5,18.7
2025-12-12 18:36:01.647255,18.49,18.69
2025-12-12 18:36:02.145080,18.5,18.7
2025-12-12 18:36:04.218068,18.46,18.66
2025-12-12 18:36:04.712896,18.49,18.69
2025-12-12 18:36:05.532125,18.47,18.67
2025-12-12 18:36:06.219157,18.46,18.66
2025-12-12 18:36:07.664515,18.5,18.7
2025-12-12 18:36:08.554331,18.47,18.67
2025-12-12 18:36:08.849645,18.49,18.69
2025-12-12 18:36:12.170503,18.47,18.67
2025-12-12 18:36:12.858763,18.46,18.66
2025-12-12 18:36:14.099524,18.5,18.7
2025-12-12 18:36:14.984968,18.46,18.66
2025-12-12 18:36:15.884038,18.49,18.69
2025-12-12 18:36:16.954773,18.5,18.7
2025-12-12 18:36:19.668327,18.47,18.67
2025-12-12 18:36:20.595657,18.49,18.69
2025-12-12 18:36:21.094788,18.5,18.7
2025-12-12 18:36:22.169436,18.47,18.67
2025-12-12 18:36:22.865746,18.46,18.66
2025-12-12 18:36:25.826150,18.47,18.67
2025-12-12 18:36:26.382284,18.49,18.69
2025-12-12 18:36:27.700422,18.46,18.66
2025-12-12 18:36:30.122517,18.49,18.69
2025-12-12 18:36:30.383853,18.46,18.66
2025-12-12 18:36:32.317590,18.49,18.69
2025-12-12 18:36:33.701677,18.5,18.7
2025-12-12 18:36:34.992026,18.47,18.67
2025-12-12 18:36:36.094502,18.5,18.7
2025-12-12 18:36:36.746090,18.49,18.69
2025-12-12 18:36:38.343535,18.46,18.66
2025-12-12 18:36:38.729230,18.47,18.67
2025-12-12 18:36:39.070882,18.46,18.66
2025-12-12 18:36:39.584593,18.5,18.7
2025-12-12 18:36:42.597635,18.46,18.66
2025-12-12 18:36:44.537942,18.47,18.67
2025-12-12 18:36:46.414638,18.5,18.7
2025-12-12 18:36:46.650644,18.49,18.69
2025-12-12 18:36:47.054143,18.5,18.7
2025-12-12 18:36:47.568932,18.46,18.66
2025-12-12 18:36:48.461327,18.47,18.67
2025-12-12 18:36:48.915264,18.5,18.7
2025-12-12 18:36:49.404017,18.49,18.69
2025-12-12 18:36:51.899539,18.46,18.66
2025-12-12 18:36:53.675903,18.5,18.7
2025-12-12 18:36:54.695184,18.49,18.69
2025-12-12 18:36:55.145276,18.5,18.7
2025-12-12 18:36:56.805862,18.46,18.66
2025-12-12 18:36:57.229132,18.52,18.72
2025-12-12 18:36:57.922652,18.49,18.69
2025-12-12 18:36:58.570046,18.46,18.66
2025-12-12 18:36:59.486629,18.5,18.7
2025-12-12 18:37:00.057018,18.47,18.67
2025-12-12 18:37:01.824786,18.5,18.7
2025-12-12 18:37:02.307863,18.47,18.67
2025-12-12 18:37:02.849662,18.49,18.69
2025-12-12 18:37:03.453339,18.5,18.7
2025-12-12 18:37:03.991016,18.46,18.66
2025-12-12 18:37:05.093871,18.51,18.71
2025-12-12 18:37:07.572380,18.52,18.72
2025-12-12 18:37:08.678674,18.51,18.71
2025-12-12 18:37:09.126881,18.52,18.72
2025-12-12 18:37:09.605772,18.55,18.75
2025-12-12 18:37:10.344807,18.52,18.72
2025-12-12 18:37:11.898703,18.55,18.75
2025-12-12 18:37:12.173533,18.51,18.71
2025-12-12 18:37:13.084847,18.54,18.74
2025-12-12 18:37:13.799262,18.51,18.71
2025-12-12 18:37:14.062387,18.55,18.75
2025-12-12 18:37:14.874316,18.52,18.72
2025-12-12 18:37:14.898810,18.54,18.74
2025-12-12 18:37:15.795387,18.55,18.75
2025-12-12 18:37:17.547421,18.54,18.74
2025-12-12 18:37:18.900438,18.51,18.71
2025-12-12 18:37:20.791078,18.54,18.74
2025-12-12 18:37:22.076664,18.55,18.75
2025-12-12 18:37:23.414015,18.52,18.72
2025-12-12 18:37:24.369099,18.54,18.74
2025-12-12 18:37:25.382654,18.51,18.71
2025-12-12 18:37:26.610586,18.52,18.72
2025-12-12 18:37:29.163110,18.51,18.71
2025-12-12 18:37:30.664897,18.55,18.75
2025-12-12 18:37:31.332169,18.51,18.71
2025-12-12 18:37:32.860895,18.52,18.72
2025-12-12 18:37:33.657952,18.55,18.75
2025-12-12 18:37:36.623284,18.51,18.71
2025-12-12 18:37:36.934908,18.55,18.75
2025-12-12 18:37:37.630290,18.51,18.71
2025-12-12 18:37:39.530251,18.52,18.72
2025-12-12 18:37:40.887883,18.54,18.74
2025-12-12 18:37:41.766124,18.5,18.7
2025-12-12 18:37:44.438893,18.49,18.69
2025-12-12 18:37:45.294246,18.46,18.66
2025-12-12 18:37:46.173318,18.5,18.7
2025-12-12 18:37:47.162370,18.46,18.66
2025-12-12 18:37:48.186583,18.47,18.67
2025-12-12 18:37:48.965918,18.46,18.66
2025-12-12 18:37:49.584112,18.47,18.67
2025-12-12 18:37:52.456040,18.49,18.69
2025-12-12 18:37:53.913360,18.47,18.67
2025-12-12 18:37:55.422368,18.49,18.69
2025-12-12 18:37:56.179991,18.46,18.66
2025-12-12 18:37:57.252073,18.5,18.7
2025-12-12 18:37:59.955787,18.46,18.66
2025-12-12 18:38:01.576159,18.5,18.7
2025-12-12 18:38:03.424541,18.49,18.69
2025-12-12 18:38:04.507941,18.5,18.7
2025-12-12 18:38:06.324223,18.46,18.66
2025-12-12 18:38:07.782159,18.5,18.7
2025-12-12 18:38:10.352690,18.46,18.66
2025-12-12 18:38:11.350229,18.5,18.7
2025-12-12 18:38:11.998454,18.47,18.67
2025-12-12 18:38:13.783979,18.49,18.69
2025-12-12 18:38:14.910408,18.46,18.66
2025-12-12 18:38:15.391466,18.5,18.7
2025-12-12 18:38:17.820730,18.47,18.67
2025-12-12 18:38:18.981449,18.46,18.66
2025-12-12 18:38:19.462781,18.47,18.67
2025-12-12 18:38:19.740873,18.49,18.69
2025-12-12 18:38:20.231685,18.46,18.66
2025-12-12 18:38:22.979697,18.5,18.7
2025-12-12 18:38:23.230023,18.47,18.67
2025-12-12 18:38:24.504198,18.49,18.69
2025-12-12 18:38:25.093168,18.5,18.7
2025-12-12 18:38:25.586701,18.47,18.67
2025-12-12 18:38:28.173762,18.46,18.66
2025-12-12 18:38:29.180162,18.47,18.67
2025-12-12 18:38:29.412074,18.49,18.69
2025-12-12 18:38:30.179110,18.5,18.7
2025-12-12 18:38:30.289074,18.47,18.67
2025-12-12 18:38:31.188428,18.49,18.69
2025-12-12 18:38:32.852898,18.47,18.67
2025-12-12 18:38:33.584609,18.5,18.7
2025-12-12 18:38:34.264328,18.46,18.66
2025-12-12 18:38:35.084229,18.49,18.69
2025-12-12 18:38:36.110516,18.46,18.66
2025-12-12 18:38:36.636406,18.49,18.69
2025-12-12 18:38:37.241109,18.47,18.67
2025-12-12 18:38:38.157500,18.5,18.7
2025-12-12 18:38:42.601921,18.49,18.69
2025-12-12 18:38:43.473686,18.5,18.7
2025-12-12 18:38:44.242698,18.47,18.67
2025-12-12 18:38:45.257622,18.49,18.69
2025-12-12 18:38:45.732779,18.47,18.67
2025-12-12 18:38:46.415230,18.46,18.66
2025-12-12 18:38:50.122597,18.5,18.7
2025-12-12 18:38:53.123571,18.47,18.67
2025-12-12 18:38:55.081916,18.5,18.7
2025-12-12 18:38:55.443312,18.46,18.66
2025-12-12 18:38:57.394973,18.47,18.67
2025-12-12 18:38:57.627342,18.5,18.7
2025-12-12 18:38:59.685663,18.46,18.66
2025-12-12 18:39:00.090827,18.5,18.7
2025-12-12 18:39:00.859432,18.46,18.66
2025-12-12 18:39:01.373631,18.5,18.7
2025-12-12 18:39:02.946286,18.46,18.66
2025-12-12 18:39:03.397129,18.47,18.67
2025-12-12 18:39:07.381010,18.5,18.7
2025-12-12 18:39:07.879940,18.47,18.67
2025-12-12 18:39:11.272113,18.5,18.7
2025-12-12 18:39:12.960567,18.49,18.69
2025-12-12 18:39:13.802748,18.46,18.66
2025-12-12 18:39:18.745648,18.49,18.69
2025-12-12 18:39:19.543191,18.46,18.66
2025-12-12 18:39:22.416514,18.49,18.69
2025-12-12 18:39:22.603730,18.46,18.66
2025-12-12 18:39:25.701847,18.49,18.69
2025-12-12 18:39:27.620717,18.47,18.67
2025-12-12 18:39:28.911581,18.5,18.7
2025-12-12 18:39:29.387911,18.46,18.66
2025-12-12 18:39:29.548942,18.5,18.7
2025-12-12 18:39:29.835001,18.49,18.69
2025-12-12 18:39:30.074952,18.46,18.66
2025-12-12 18:39:30.927910,18.49,18.69
2025-12-12 18:39:31.653653,18.47,18.67
2025-12-12 18:39:34.844704,18.46,18.66
2025-12-12 18:39:36.185215,18.5,18.7
2025-12-12 18:39:37.775223,18.47,18.67
2025-12-12 18:39:38.272765,18.5,18.7
2025-12-12 18:39:39.302089,18.49,18.69
2025-12-12 18:39:40.717361,18.5,18.7
2025-12-12 18:39:41.423016,18.46,18.66
2025-12-12 18:39:42.179235,18.5,18.7
2025-12-12 18:39:49.220875,18.46,18.66
2025-12-12 18:39:50.625168,18.5,18.7
2025-12-12 18:39:51.423520,18.47,18.67
2025-12-12 18:39:52.339579,18.49,18.69
2025-12-12 18:39:52.827052,18.5,18.7
2025-12-12 18:39:55.858737,18.46,18.66
2025-12-12 18:39:58.535434,18.49,18.69
2025-12-12 18:39:59.662576,18.5,18.7
2025-12-12 18:40:01.857840,18.46,18.66
2025-12-12 18:40:05.787902,18.49,18.69
2025-12-12 18:40:06.296296,18.47,18.67
2025-12-12 18:40:15.531317,18.49,18.69
2025-12-12 18:40:17.188517,18.5,18.7
2025-12-12 18:40:19.300595,18.46,18.66
2025-12-12 18:40:21.609656,18.49,18.69
2025-12-12 18:40:22.910429,18.5,18.7
2025-12-12 18:40:24.296445,18.47,18.67
2025-12-12 18:40:26.182857,18.46,18.66
2025-12-12 18:40:29.055132,18.5,18.7
2025-12-12 18:40:32.158599,18.47,18.67
2025-12-12 18:40:32.283584,18.5,18.7
2025-12-12 18:40:32.699634,18.49,18.69
2025-12-12 18:40:34.822073,18.47,18.67
2025-12-12 18:40:35.300283,18.49,18.69
2025-12-12 18:40:36.947432,18.5,18.7
2025-12-12 18:40:39.953829,18.49,18.69
2025-12-12 18:40:41.022225,18.46,18.66
2025-12-12 18:40:42.146668,18.5,18.7
2025-12-12 18:40:42.357257,18.46,18.66
2025-12-12 18:40:44.867794,18.49,18.69
2025-12-12 18:40:45.410691,18.47,18.67
2025-12-12 18:40:46.433606,18.49,18.69
2025-12-12 18:40:46.949145,18.47,18.67
2025-12-12 18:40:50.503344,18.49,18.69
2025-12-12 18:40:51.188331,18.47,18.67
2025-12-12 18:40:52.397999,18.5,18.7
2025-12-12 18:40:52.816437,18.49,18.69
2025-12-12 18:40:53.314799,18.47,18.67
2025-12-12 18:40:53.532239,18.5,18.7
2025-12-12 18:40:54.060686,18.47,18.67
2025-12-12 18:40:56.028362,18.5,18.7
2025-12-12 18:40:58.275193,18.47,18.67
2025-12-12 18:40:59.454586,18.46,18.66
2025-12-12 18:41:00.820134,18.47,18.67
2025-12-12 18:41:01.282195,18.49,18.69
2025-12-12 18:41:02.288957,18.46,18.66
2025-12-12 18:41:02.812814,18.5,18.7
2025-12-12 18:41:03.574446,18.46,18.66
2025-12-12 18:41:04.014301,18.5,18.7
2025-12-12 18:41:04.662433,18.47,18.67
2025-12-12 18:41:05.223233,18.49,18.69
2025-12-12 18:41:05.663127,18.47,18.67
2025-12-12 18:41:06.359444,18.46,18.66
2025-12-12 18:41:07.771067,18.49,18.69
2025-12-12 18:41:08.903566,18.47,18.67
2025-12-12 18:41:10.177860,18.46,18.66
2025-12-12 18:41:10.783943,18.47,18.67
2025-12-12 18:41:11.743867,18.49,18.69
2025-12-12 18:41:12.684689,18.47,18.67
2025-12-12 18:41:14.433591,18.5,18.7
2025-12-12 18:41:15.580526,18.46,18.66
2025-12-12 18:41:16.110800,18.49,18.69
2025-12-12 18:41:16.387324,18.5,18.7
2025-12-12 18:41:16.547209,18.47,18.67
2025-12-12 18:41:18.306264,18.5,18.7
2025-12-12 18:41:20.309762,18.47,18.67
2025-12-12 18:41:20.824256,18.49,18.69
2025-12-12 18:41:25.526341,18.47,18.67
2025-12-12 18:41:25.787442,18.41,18.61
2025-12-12 18:41:26.153327,18.42,18.62
2025-12-12 18:41:27.379460,18.45,18.65
2025-12-12 18:41:28.371025,18.42,18.62
2025-12-12 18:41:29.330700,18.41,18.61
2025-12-12 18:41:29.781386,18.46,18.66
2025-12-12 18:41:30.545818,18.47,18.67
2025-12-12 18:41:32.816927,18.46,18.66
2025-12-12 18:41:33.158752,18.47,18.67
2025-12-12 18:41:33.782306,18.49,18.69
2025-12-12 18:41:34.414047,18.46,18.66
2025-12-12 18:41:35.220203,18.5,18.7
2025-12-12 18:41:35.868813,18.46,18.66
2025-12-12 18:41:38.927986,18.47,18.67
2025-12-12 18:41:44.497528,18.5,18.7
2025-12-12 18:41:47.596576,18.47,18.67
2025-12-12 18:41:51.384136,18.49,18.69
2025-12-12 18:41:52.572980,18.47,18.67
2025-12-12 18:41:52.667931,18.46,18.66
2025-12-12 18:42:00.344773,18.49,18.69
2025-12-12 18:42:02.265356,18.47,18.67
2025-12-12 18:42:03.471923,18.46,18.66
2025-12-12 18:42:04.291085,18.5,18.7
2025-12-12 18:42:06.089608,18.49,18.69
2025-12-12 18:42:07.033649,18.47,18.67
2025-12-12 18:42:07.759153,18.5,18.7
2025-12-12 18:42:09.944159,18.47,18.67
2025-12-12 18:42:10.392905,18.46,18.66
2025-12-12 18:42:10.884319,18.47,18.67
2025-12-12 18:42:14.247646,18.5,18.7
2025-12-12 18:42:15.405530,18.47,18.67
2025-12-12 18:42:16.546727,18.5,18.7
2025-12-12 18:42:21.226554,18.46,18.66
2025-12-12 18:42:22.004628,18.47,18.67
2025-12-12 18:42:23.076913,18.46,18.66
2025-12-12 18:42:23.293474,18.47,18.67
2025-12-12 18:42:23.846885,18.49,18.69
2025-12-12 18:42:24.361042,18.46,18.66
2025-12-12 18:42:25.105672,18.47,18.67
2025-12-12 18:42:25.938920,18.46,18.66
2025-12-12 18:42:27.659040,18.47,18.67
2025-12-12 18:42:29.977938,18.46,18.66
2025-12-12 18:42:30.788774,18.47,18.67
2025-12-12 18:42:31.595127,18.5,18.7
2025-12-12 18:42:33.309981,18.46,18.66
2025-12-12 18:42:35.772904,18.5,18.7
2025-12-12 18:42:37.134645,18.46,18.66
2025-12-12 18:42:39.533754,18.5,18.7
2025-12-12 18:42:40.130321,18.47,18.67
2025-12-12 18:42:41.840530,18.49,18.69
2025-12-12 18:42:42.349650,18.46,18.66
2025-12-12 18:42:44.538236,18.5,18.7
2025-12-12 18:42:44.767817,18.47,18.67
2025-12-12 18:42:44.942044,18.49,18.69
2025-12-12 18:42:45.546786,18.47,18.67
2025-12-12 18:42:46.085885,18.5,18.7
2025-12-12 18:42:46.429672,18.49,18.69
2025-12-12 18:42:47.317004,18.5,18.7
2025-12-12 18:42:49.133201,18.49,18.69
2025-12-12 18:42:50.790005,18.5,18.7
2025-12-12 18:42:51.373842,18.49,18.69
2025-12-12 18:42:55.643389,18.5,18.7
2025-12-12 18:42:56.322243,18.46,18.66
2025-12-12 18:42:58.479583,18.47,18.67
2025-12-12 18:42:59.375294,18.5,18.7
2025-12-12 18:42:59.932754,18.49,18.69
2025-12-12 18:43:00.646110,18.47,18.67
2025-12-12 18:43:01.625439,18.46,18.66
2025-12-12 18:43:02.781203,18.49,18.69
2025-12-12 18:43:03.380386,18.47,18.67
2025-12-12 18:43:05.395335,18.5,18.7
2025-12-12 18:43:07.204724,18.46,18.66
2025-12-12 18:43:08.628811,18.47,18.67
2025-12-12 18:43:09.313435,18.49,18.69
2025-12-12 18:43:10.341154,18.47,18.67
2025-12-12 18:43:12.548940,18.55,18.75
2025-12-12 18:43:13.183435,18.51,18.71
2025-12-12 18:43:13.639264,18.54,18.74
2025-12-12 18:43:14.707438,18.47,18.67
2025-12-12 18:43:15.250114,18.49,18.69
2025-12-12 18:43:15.826459,18.46,18.66
2025-12-12 18:43:17.065420,18.47,18.67
2025-12-12 18:43:17.606964,18.49,18.69
2025-12-12 18:43:18.933654,18.5,18.7
2025-12-12 18:43:19.401409,18.49,18.69
2025-12-12 18:43:21.259701,18.47,18.67
2025-12-12 18:43:22.222565,18.55,18.75
2025-12-12 18:43:22.949568,18.51,18.71
2025-12-12 18:43:23.493884,18.54,18.74
2025-12-12 18:43:24.051067,18.55,18.75
2025-12-12 18:43:25.302024,18.51,18.71
2025-12-12 18:43:26.377097,18.55,18.75
2025-12-12 18:43:28.764003,18.52,18.72
2025-12-12 18:43:29.134230,18.55,18.75
2025-12-12 18:43:30.540213,18.52,18.72
2025-12-12 18:43:32.663758,18.51,18.71
2025-12-12 18:43:32.880462,18.54,18.74
2025-12-12 18:43:33.670979,18.51,18.71
2025-12-12 18:43:34.786939,18.55,18.75
2025-12-12 18:43:34.884690,18.54,18.74
2025-12-12 18:43:35.468812,18.52,18.72
2025-12-12 18:43:35.777698,18.54,18.74
2025-12-12 18:43:36.194424,18.51,18.71
2025-12-12 18:43:36.362490,18.52,18.72
2025-12-12 18:43:36.630346,18.54,18.74
2025-12-12 18:43:37.527183,18.51,18.71
2025-12-12 18:43:38.242063,18.55,18.75
2025-12-12 18:43:38.888124,18.51,18.71
2025-12-12 18:43:39.821473,18.52,18.72
2025-12-12 18:43:40.331856,18.51,18.71
2025-12-12 18:43:41.867948,18.52,18.72
2025-12-12 18:43:43.413256,18.54,18.74
2025-12-12 18:43:43.653440,18.51,18.71
2025-12-12 18:43:44.636609,18.54,18.74
2025-12-12 18:43:46.803865,18.55,18.75
2025-12-12 18:43:48.336589,18.52,18.72
2025-12-12 18:43:49.464481,18.54,18.74
2025-12-12 18:43:50.703154,18.51,18.71
2025-12-12 18:43:51.208108,18.55,18.75
2025-12-12 18:43:53.582545,18.52,18.72
2025-12-12 18:43:54.154723,18.54,18.74
2025-12-12 18:43:56.205624,18.52,18.72
2025-12-12 18:43:56.995815,18.51,18.71
2025-12-12 18:43:58.137464,18.52,18.72
2025-12-12 18:43:58.877208,18.55,18.75
2025-12-12 18:44:00.980154,18.54,18.74
2025-12-12 18:44:01.647477,18.51,18.71
2025-12-12 18:44:02.992663,18.55,18.75
2025-12-12 18:44:07.942930,18.54,18.74
2025-12-12 18:44:08.855135,18.55,18.75
2025-12-12 18:44:09.320675,18.52,18.72
2025-12-12 18:44:09.828512,18.55,18.75
2025-12-12 18:44:11.272174,18.52,18.72
2025-12-12 18:44:13.132784,18.55,18.75
2025-12-12 18:44:13.627817,18.54,18.74
2025-12-12 18:44:14.966883,18.52,18.72
2025-12-12 18:44:15.692862,18.55,18.75
2025-12-12 18:44:16.132428,18.51,18.71
2025-12-12 18:44:16.688228,18.55,18.75
2025-12-12 18:44:18.011343,18.54,18.74
2025-12-12 18:44:18.636813,18.52,18.72
2025-12-12 18:44:19.220750,18.59,18.79
2025-12-12 18:44:19.766759,18.57,18.77
2025-12-12 18:44:20.154099,18.59,18.79
2025-12-12 18:44:20.660713,18.6,18.8
2025-12-12 18:44:21.335858,18.57,18.77
2025-12-12 18:44:21.745149,18.56,18.76
2025-12-12 18:44:22.564496,18.57,18.77
2025-12-12 18:44:22.966942,18.59,18.79
2025-12-12 18:44:23.691566,18.56,18.76
2025-12-12 18:44:24.123363,18.55,18.75
2025-12-12 18:44:24.616019,18.51,18.71
2025-12-12 18:44:25.326737,18.52,18.72
2025-12-12 18:44:28.584857,18.55,18.75
2025-12-12 18:44:28.938891,18.54,18.74
2025-12-12 18:44:29.203960,18.52,18.72
2025-12-12 18:44:30.430511,18.55,18.75
2025-12-12 18:44:30.745260,18.52,18.72
2025-12-12 18:44:31.285794,18.54,18.74
2025-12-12 18:44:32.177388,18.55,18.75
2025-12-12 18:44:32.699984,18.54,18.74
2025-12-12 18:44:36.054217,18.51,18.71
2025-12-12 18:44:38.864881,18.52,18.72
2025-12-12 18:44:39.856074,18.54,18.74
2025-12-12 18:44:40.690445,18.52,18.72
2025-12-12 18:44:42.474089,18.51,18.71
2025-12-12 18:44:42.690852,18.54,18.74
2025-12-12 18:44:43.065409,18.51,18.71
2025-12-12 18:44:43.966769,18.52,18.72
2025-12-12 18:44:46.497177,18.55,18.75
2025-12-12 18:44:47.957574,18.51,18.71
2025-12-12 18:44:49.538191,18.52,18.72
2025-12-12 18:44:49.627871,18.54,18.74
2025-12-12 18:44:51.512787,18.52,18.72
2025-12-12 18:44:53.863212,18.51,18.71
2025-12-12 18:44:54.761742,18.52,18.72
2025-12-12 18:44:55.454014,18.51,18.71
2025-12-12 18:44:57.188380,18.54,18.74
2025-12-12 18:44:58.535200,18.51,18.71
2025-12-12 18:44:59.607326,18.52,18.72
2025-12-12 18:45:00.442436,18.55,18.75
2025-12-12 18:45:00.862075,18.54,18.74
2025-12-12 18:45:04.374835,18.51,18.71
2025-12-12 18:45:05.535738,18.55,18.75
2025-12-12 18:45:06.698540,18.51,18.71
2025-12-12 18:45:07.767417,18.52,18.72
2025-12-12 18:45:11.242574,18.55,18.75
2025-12-12 18:45:13.187090,18.54,18.74
2025-12-12 18:45:14.387399,18.51,18.71
2025-12-12 18:45:15.178664,18.55,18.75
2025-12-12 18:45:15.766436,18.54,18.74
2025-12-12 18:45:16.492234,18.51,18.71
2025-12-12 18:45:16.958739,18.52,18.72
2025-12-12 18:45:18.120189,18.54,18.74
2025-12-12 18:45:19.318207,18.55,18.75
2025-12-12 18:45:20.121810,18.52,18.72
2025-12-12 18:45:22.174460,18.55,18.75
2025-12-12 18:45:23.370763,18.51,18.71
2025-12-12 18:45:24.222186,18.52,18.72
2025-12-12 18:45:25.587565,18.55,18.75
2025-12-12 18:45:26.618563,18.54,18.74
2025-12-12 18:45:28.316776,18.51,18.71
2025-12-12 18:45:29.453263,18.52,18.72
2025-12-12 18:45:30.524196,18.51,18.71
2025-12-12 18:45:31.444976,18.55,18.75
2025-12-12 18:45:31.893122,18.54,18.74
2025-12-12 18:45:32.714754,18.52,18.72
2025-12-12 18:45:33.714051,18.55,18.75
2025-12-12 18:45:35.283449,18.52,18.72
2025-12-12 18:45:36.116897,18.51,18.71
2025-12-12 18:45:38.036237,18.54,18.74
2025-12-12 18:45:44.165895,18.55,18.75
2025-12-12 18:45:45.171475,18.52,18.72
2025-12-12 18:45:47.376550,18.54,18.74
2025-12-12 18:45:48.990110,18.55,18.75
2025-12-12 18:45:49.383488,18.51,18.71
2025-12-12 18:45:51.560494,18.55,18.75
2025-12-12 18:45:53.023047,18.51,18.71
2025-12-12 18:45:54.140049,18.54,18.74
2025-12-12 18:45:54.852691,18.52,18.72
2025-12-12 18:45:55.784893,18.54,18.74
2025-12-12 18:45:59.203587,18.51,18.71
2025-12-12 18:46:04.023526,18.52,18.72
2025-12-12 18:46:05.064992,18.51,18.71
2025-12-12 18:46:05.823499,18.52,18.72
2025-12-12 18:46:07.020015,18.51,18.71
2025-12-12 18:46:07.528942,18.54,18.74
2025-12-12 18:46:09.001252,18.52,18.72
2025-12-12 18:46:10.394977,18.51,18.71
2025-12-12 18:46:10.718958,18.54,18.74
2025-12-12 18:46:14.704334,18.55,18.75
2025-12-12 18:46:18.625161,18.54,18.74
2025-12-12 18:46:19.724299,18.52,18.72
2025-12-12 18:46:20.495129,18.54,18.74
2025-12-12 18:46:22.519788,18.55,18.75
2025-12-12 18:46:23.285537,18.51,18.71
2025-12-12 18:46:23.983887,18.55,18.75
2025-12-12 18:46:24.653714,18.51,18.71
2025-12-12 18:46:25.783289,18.55,18.75
2025-12-12 18:46:28.093124,18.54,18.74
2025-12-12 18:46:31.028228,18.51,18.71
2025-12-12 18:46:32.271746,18.52,18.72
2025-12-12 18:46:33.692603,18.54,18.74
2025-12-12 18:46:37.218468,18.55,18.75
2025-12-12 18:46:37.885014,18.51,18.71
2025-12-12 18:46:40.407083,18.55,18.75
2025-12-12 18:46:42.205047,18.51,18.71
2025-12-12 18:46:42.809497,18.52,18.72
2025-12-12 18:46:46.523626,18.54,18.74
2025-12-12 18:46:47.689944,18.55,18.75
2025-12-12 18:46:51.766276,18.54,18.74
2025-12-12 18:46:51.947825,18.55,18.75
2025-12-12 18:46:52.199622,18.51,18.71
2025-12-12 18:46:52.539112,18.52,18.72
2025-12-12 18:46:55.644197,18.54,18.74
2025-12-12 18:46:57.535279,18.55,18.75
2025-12-12 18:47:00.061483,18.51,18.71
2025-12-12 18:47:01.464715,18.52,18.72
2025-12-12 18:47:02.734183,18.55,18.75
2025-12-12 18:47:03.955774,18.51,18.71
2025-12-12 18:47:04.952294,18.54,18.74
2025-12-12 18:47:07.602237,18.52,18.72
2025-12-12 18:47:08.548937,18.51,18.71
2025-12-12 18:47:09.969290,18.55,18.75
2025-12-12 18:47:11.603026,18.52,18.72
2025-12-12 18:47:12.093480,18.54,18.74
2025-12-12 18:47:12.460856,18.51,18.71
2025-12-12 18:47:14.350507,18.55,18.75
2025-12-12 18:47:14.869158,18.51,18.71
2025-12-12 18:47:16.172172,18.55,18.75
2025-12-12 18:47:16.820613,18.51,18.71
2025-12-12 18:47:17.228828,18.55,18.75
2025-12-12 18:47:18.447274,18.54,18.74
2025-12-12 18:47:19.062862,18.51,18.71
2025-12-12 18:47:19.661596,18.55,18.75
2025-12-12 18:47:20.650466,18.52,18.72
2025-12-12 18:47:21.827233,18.51,18.71
2025-12-12 18:47:23.213296,18.54,18.74
2025-12-12 18:47:24.144896,18.52,18.72
2025-12-12 18:47:26.801677,18.51,18.71
2025-12-12 18:47:30.010497,18.54,18.74
2025-12-12 18:47:32.391970,18.52,18.72
2025-12-12 18:47:33.000275,18.55,18.75
2025-12-12 18:47:37.219780,18.54,18.74
2025-12-12 18:47:41.109177,18.52,18.72
2025-12-12 18:47:42.142295,18.55,18.75
2025-12-12 18:47:44.410437,18.54,18.74
2025-12-12 18:47:45.698933,18.51,18.71
2025-12-12 18:47:48.641410,18.55,18.75
2025-12-12 18:47:51.109039,18.52,18.72
2025-12-12 18:47:52.341977,18.51,18.71
2025-12-12 18:47:54.822017,18.54,18.74
2025-12-12 18:47:57.103846,18.51,18.71
2025-12-12 18:47:57.435475,18.54,18.74
2025-12-12 18:47:57.888548,18.52,18.72
2025-12-12 18:47:58.343392,18.51,18.71
2025-12-12 18:48:00.889751,18.52,18.72
2025-12-12 18:48:01.808237,18.51,18.71
2025-12-12 18:48:04.108879,18.52,18.72
2025-12-12 18:48:04.573633,18.55,18.75
2025-12-12 18:48:05.443274,18.51,18.71
2025-12-12 18:48:06.286141,18.52,18.72
2025-12-12 18:48:07.493016,18.54,18.74
2025-12-12 18:48:08.853526,18.52,18.72
2025-12-12 18:48:09.302319,18.55,18.75
2025-12-12 18:48:10.550495,18.51,18.71
2025-12-12 18:48:11.279374,18.54,18.74
2025-12-12 18:48:13.785591,18.51,18.71
2025-12-12 18:48:15.622773,18.55,18.75
2025-12-12 18:48:17.374685,18.52,18.72
2025-12-12 18:48:23.054494,18.55,18.75
2025-12-12 18:48:23.781812,18.54,18.74
2025-12-12 18:48:24.180443,18.52,18.72
2025-12-12 18:48:24.878325,18.51,18.71
2025-12-12 18:48:25.389131,18.55,18.75
2025-12-12 18:48:26.899846,18.52,18.72
2025-12-12 18:48:29.713705,18.51,18.71
2025-12-12 18:48:30.395111,18.54,18.74
2025-12-12 18:48:31.676247,18.52,18.72
2025-12-12 18:48:32.325830,18.51,18.71
2025-12-12 18:48:33.070874,18.55,18.75
2025-12-12 18:48:33.861845,18.52,18.72
2025-12-12 18:48:34.072387,18.51,18.71
2025-12-12 18:48:34.676810,18.55,18.75
2025-12-12 18:48:35.790217,18.54,18.74
2025-12-12 18:48:36.053473,18.51,18.71
2025-12-12 18:48:38.050794,18.55,18.75
2025-12-12 18:48:38.360377,18.52,18.72
2025-12-12 18:48:41.153377,18.55,18.75
2025-12-12 18:48:41.676108,18.47,18.67
2025-12-12 18:48:42.226342,18.51,18.71
2025-12-12 18:48:42.941690,18.46,18.66
2025-12-12 18:48:43.407618,18.5,18.7
2025-12-12 18:48:44.206976,18.46,18.66
2025-12-12 18:48:47.685852,18.49,18.69
2025-12-12 18:48:48.522330,18.5,18.7
2025-12-12 18:48:50.296601,18.47,18.67
2025-12-12 18:48:50.839799,18.46,18.66
2025-12-12 18:48:54.217088,18.47,18.67
2025-12-12 18:48:54.399152,18.49,18.69
2025-12-12 18:48:55.641998,18.5,18.7
2025-12-12 18:48:56.210971,18.47,18.67
2025-12-12 18:48:56.439079,18.5,18.7
2025-12-12 18:48:57.401393,18.46,18.66
2025-12-12 18:48:57.837990,18.49,18.69
2025-12-12 18:48:58.563639,18.5,18.7
2025-12-12 18:48:59.883419,18.46,18.66
2025-12-12 18:49:00.337310,18.49,18.69
2025-12-12 18:49:00.628888,18.47,18.67
2025-12-12 18:49:01.332388,18.46,18.66
2025-12-12 18:49:03.646765,18.5,18.7
2025-12-12 18:49:05.469693,18.46,18.66
2025-12-12 18:49:06.966578,18.47,18.67
2025-12-12 18:49:08.512569,18.49,18.69
2025-12-12 18:49:09.770888,18.46,18.66
2025-12-12 18:49:10.580829,18.5,18.7
2025-12-12 18:49:11.413568,18.47,18.67
2025-12-12 18:49:13.624521,18.5,18.7
2025-12-12 18:49:14.793933,18.49,18.69
2025-12-12 18:49:18.819803,18.5,18.7
2025-12-12 18:49:21.606274,18.47,18.67
2025-12-12 18:49:23.920708,18.46,18.66
2025-12-12 18:49:25.135751,18.47,18.67
2025-12-12 18:49:27.846448,18.49,18.69
2025-12-12 18:49:29.057469,18.5,18.7
2025-12-12 18:49:30.346480,18.49,18.69
2025-12-12 18:49:30.749511,18.47,18.67
2025-12-12 18:49:31.022804,18.46,18.66
2025-12-12 18:49:34.199733,18.49,18.69
2025-12-12 18:49:34.803134,18.5,18.7
2025-12-12 18:49:35.392948,18.49,18.69
2025-12-12 18:49:36.079943,18.47,18.67
2025-12-12 18:49:39.469999,18.46,18.66
2025-12-12 18:49:40.578196,18.47,18.67
2025-12-12 18:49:41.290162,18.46,18.66
2025-12-12 18:49:42.929468,18.49,18.69
2025-12-12 18:49:43.712976,18.46,18.66
2025-12-12 18:49:46.029292,18.49,18.69
2025-12-12 18:49:47.318464,18.47,18.67
2025-12-12 18:49:47.511539,18.46,18.66
2025-12-12 18:49:48.253056,18.49,18.69
2025-12-12 18:49:48.453557,18.47,18.67
2025-12-12 18:49:49.723863,18.46,18.66
2025-12-12 18:49:50.857028,18.49,18.69
2025-12-12 18:49:54.130053,18.46,18.66
2025-12-12 18:49:58.365898,18.49,18.69
2025-12-12 18:49:59.639918,18.5,18.7
2025-12-12 18:50:00.854170,18.49,18.69
2025-12-12 18:50:05.228460,18.5,18.7
2025-12-12 18:50:10.319616,18.46,18.66
2025-12-12 18:50:12.891042,18.47,18.67
2025-12-12 18:50:14.811659,18.49,18.69
2025-12-12 18:50:15.384070,18.47,18.67
2025-12-12 18:50:16.377038,18.49,18.69
2025-12-12 18:50:22.936508,18.46,18.66
2025-12-12 18:50:24.085204,18.47,18.67
2025-12-12 18:50:24.603206,18.49,18.69
2025-12-12 18:50:25.275524,18.5,18.7
2025-12-12 18:50:27.877925,18.47,18.67
2025-12-12 18:50:28.961876,18.5,18.7
2025-12-12 18:50:29.438416,18.49,18.69
2025-12-12 18:50:29.932032,18.47,18.67
2025-12-12 18:50:30.381730,18.46,18.66
2025-12-12 18:50:33.862120,18.49,18.69
2025-12-12 18:50:35.326494,18.46,18.66
2025-12-12 18:50:35.838889,18.5,18.7
2025-12-12 18:50:40.427734,18.46,18.66
2025-12-12 18:50:41.002170,18.49,18.69
2025-12-12 18:50:43.015624,18.47,18.67
2025-12-12 18:50:46.288147,18.46,18.66
2025-12-12 18:50:49.412272,18.49,18.69
2025-12-12 18:50:50.349887,18.46,18.66
2025-12-12 18:50:52.349677,18.47,18.67
2025-12-12 18:50:53.378897,18.46,18.66
2025-12-12 18:50:56.182424,18.5,18.7
2025-12-12 18:50:58.860370,18.49,18.69
2025-12-12 18:50:59.416512,18.47,18.67
2025-12-12 18:51:01.628467,18.5,18.7
2025-12-12 18:51:06.194160,18.47,18.67
2025-12-12 18:51:06.576499,18.5,18.7
2025-12-12 18:51:07.137880,18.46,18.66
2025-12-12 18:51:07.838463,18.49,18.69
2025-12-12 18:51:09.949985,18.46,18.66
2025-12-12 18:51:11.693664,18.47,18.67
2025-12-12 18:51:12.803080,18.49,18.69
2025-12-12 18:51:13.237047,18.46,18.66
2025-12-12 18:51:14.319143,18.5,18.7
2025-12-12 18:51:14.831567,18.47,18.67
2025-12-12 18:51:15.359120,18.46,18.66
2025-12-12 18:51:17.411571,18.5,18.7
2025-12-12 18:51:18.876699,18.46,18.66
2025-12-12 18:51:20.130118,18.5,18.7
2025-12-12 18:51:20.891151,18.46,18.66
2025-12-12 18:51:22.512416,18.47,18.67
2025-12-12 18:51:23.145976,18.5,18.7
2025-12-12 18:51:23.909630,18.46,18.66
2025-12-12 18:51:24.717480,18.49,18.69
2025-12-12 18:51:26.551298,18.47,18.67
2025-12-12 18:51:27.855049,18.5,18.7
2025-12-12 18:51:28.497409,18.47,18.67
2025-12-12 18:51:29.690911,18.5,18.7
2025-12-12 18:51:32.397569,18.49,18.69
2025-12-12 18:51:32.845844,18.5,18.7
2025-12-12 18:51:33.805006,18.46,18.66
2025-12-12 18:51:36.028753,18.49,18.69
2025-12-12 18:51:37.983074,18.5,18.7
2025-12-12 18:51:39.930588,18.49,18.69
2025-12-12 18:51:41.469686,18.47,18.67
2025-12-12 18:51:42.180367,18.5,18.7
2025-12-12 18:51:42.801460,18.49,18.69
2025-12-12 18:51:43.284524,18.46,18.66
2025-12-12 18:51:46.122599,18.5,18.7
2025-12-12 18:51:46.929160,18.47,18.67
2025-12-12 18:51:47.135296,18.5,18.7
2025-12-12 18:51:48.336471,18.47,18.67
2025-12-12 18:51:52.339716,18.46,18.66
2025-12-12 18:51:53.547374,18.47,18.67
2025-12-12 18:51:55.346221,18.46,18.66
2025-12-12 18:51:56.001038,18.5,18.7
2025-12-12 18:51:57.442717,18.46,18.66
2025-12-12 18:51:58.343702,18.5,18.7
2025-12-12 18:51:58.850536,18.46,18.66
2025-12-12 18:51:59.849249,18.5,18.7
2025-12-12 18:52:00.907293,18.49,18.69
2025-12-12 18:52:01.548883,18.47,18.67
2025-12-12 18:52:05.228094,18.49,18.69
2025-12-12 18:52:07.153890,18.46,18.66
2025-12-12 18:52:07.807437,18.47,18.67
2025-12-12 18:52:08.985022,18.49,18.69
2025-12-12 18:52:11.407806,18.47,18.67
2025-12-12 18:52:14.151898,18.49,18.69
2025-12-12 18:52:15.343162,18.5,18.7
2025-12-12 18:52:16.224276,18.47,18.67
2025-12-12 18:52:17.979189,18.49,18.69
2025-12-12 18:52:22.375912,18.5,18.7
2025-12-12 18:52:23.018305,18.49,18.69
2025-12-12 18:52:23.562979,18.47,18.67
2025-12-12 18:52:29.106277,18.46,18.66
2025-12-12 18:52:31.004213,18.47,18.67
2025-12-12 18:52:32.124565,18.46,18.66
2025-12-12 18:52:32.603819,18.47,18.67
2025-12-12 18:52:32.821022,18.46,18.66
2025-12-12 18:52:33.176094,18.49,18.69
2025-12-12 18:52:33.790975,18.5,18.7
2025-12-12 18:52:35.838575,18.47,18.67
2025-12-12 18:52:36.730096,18.49,18.69
2025-12-12 18:52:38.564700,18.5,18.7
2025-12-12 18:52:40.200734,18.46,18.66
2025-12-12 18:52:40.850122,18.47,18.67
2025-12-12 18:52:41.411427,18.5,18.7
2025-12-12 18:52:43.072592,18.46,18.66
2025-12-12 18:52:43.927837,18.47,18.67
2025-12-12 18:52:45.732155,18.49,18.69
2025-12-12 18:52:49.439180,18.5,18.7
2025-12-12 18:52:51.402096,18.46,18.66
2025-12-12 18:52:54.709701,18.5,18.7
2025-12-12 18:52:56.485747,18.49,18.69
2025-12-12 18:52:58.083197,18.47,18.67
2025-12-12 18:52:58.721636,18.49,18.69
2025-12-12 18:52:59.248300,18.5,18.7
2025-12-12 18:52:59.869082,18.46,18.66
2025-12-12 18:53:02.666480,18.5,18.7
2025-12-12 18:53:03.841459,18.46,18.66
2025-12-12 18:53:04.259433,18.49,18.69
2025-12-12 18:53:05.586356,18.46,18.66
2025-12-12 18:53:06.265197,18.47,18.67
2025-12-12 18:53:07.337546,18.46,18.66
2025-12-12 18:53:09.493539,18.49,18.69
2025-12-12 18:53:10.190605,18.46,18.66
2025-12-12 18:53:10.991211,18.47,18.67
2025-12-12 18:53:12.219377,18.46,18.66
2025-12-12 18:53:14.849284,18.47,18.67
2025-12-12 18:53:15.348248,18.41,18.61
2025-12-12 18:53:16.014152,18.42,18.62
2025-12-12 18:53:17.153719,18.45,18.65
2025-12-12 18:53:17.913267,18.42,18.62
2025-12-12 18:53:18.346816,18.41,18.61
2025-12-12 18:53:19.770973,18.44,18.64
2025-12-12 18:53:20.453485,18.45,18.65
2025-12-12 18:53:22.867660,18.42,18.62
2025-12-12 18:53:23.413306,18.44,18.64
2025-12-12 18:53:25.750814,18.41,18.61
2025-12-12 18:53:26.768897,18.42,18.62
2025-12-12 18:53:28.307819,18.45,18.65
2025-12-12 18:53:28.809881,18.41,18.61
2025-12-12 18:53:29.461540,18.42,18.62
2025-12-12 18:53:30.097408,18.44,18.64
2025-12-12 18:53:30.688316,18.41,18.61
2025-12-12 18:53:31.821503,18.45,18.65
2025-12-12 18:53:32.650455,18.5,18.7
2025-12-12 18:53:35.914718,18.47,18.67
2025-12-12 18:53:37.423099,18.46,18.66
2025-12-12 18:53:39.979384,18.47,18.67
2025-12-12 18:53:40.689919,18.46,18.66
2025-12-12 18:53:43.509355,18.49,18.69
2025-12-12 18:53:45.099773,18.47,18.67
2025-12-12 18:53:45.611684,18.5,18.7
2025-12-12 18:53:46.623154,18.49,18.69
2025-12-12 18:53:47.047005,18.46,18.66
2025-12-12 18:53:48.170291,18.47,18.67
2025-12-12 18:53:48.404258,18.5,18.7
2025-12-12 18:53:49.321475,18.47,18.67
2025-12-12 18:53:51.355016,18.5,18.7
2025-12-12 18:53:52.150386,18.49,18.69
2025-12-12 18:53:52.642843,18.47,18.67
2025-12-12 18:53:53.094490,18.49,18.69
2025-12-12 18:53:54.509792,18.47,18.67
2025-12-12 18:53:56.133006,18.46,18.66
2025-12-12 18:53:58.974879,18.47,18.67
2025-12-12 18:53:59.542190,18.46,18.66
2025-12-12 18:54:00.648539,18.49,18.69
2025-12-12 18:54:01.440384,18.46,18.66
2025-12-12 18:54:03.379649,18.49,18.69
2025-12-12 18:54:04.231396,18.5,18.7
2025-12-12 18:54:06.034429,18.49,18.69
2025-12-12 18:54:06.913249,18.47,18.67
2025-12-12 18:54:07.748436,18.5,18.7
2025-12-12 18:54:08.677332,18.49,18.69
2025-12-12 18:54:09.882751,18.46,18.66
2025-12-12 18:54:10.401590,18.49,18.69
2025-12-12 18:54:10.818089,18.5,18.7
2025-12-12 18:54:11.439945,18.47,18.67
2025-12-12 18:54:12.047475,18.5,18.7
2025-12-12 18:54:12.478238,18.46,18.66
2025-12-12 18:54:13.177098,18.49,18.69
2025-12-12 18:54:13.709626,18.5,18.7
2025-12-12 18:54:15.639735,18.49,18.69
2025-12-12 18:54:17.123088,18.5,18.7
2025-12-12 18:54:23.464553,18.49,18.69
2025-12-12 18:54:24.084811,18.47,18.67
2025-12-12 18:54:27.265163,18.46,18.66
2025-12-12 18:54:28.116487,18.49,18.69
2025-12-12 18:54:28.539033,18.47,18.67
2025-12-12 18:54:30.118375,18.49,18.69
2025-12-12 18:54:32.002290,18.5,18.7
2025-12-12 18:54:32.264576,18.46,18.66
2025-12-12 18:54:35.863290,18.47,18.67
2025-12-12 18:54:40.760020,18.46,18.66
2025-12-12 18:54:41.957435,18.47,18.67
2025-12-12 18:54:43.090103,18.5,18.7
2025-12-12 18:54:44.324317,18.49,18.69
2025-12-12 18:54:46.216740,18.5,18.7
2025-12-12 18:54:48.014023,18.47,18.67
2025-12-12 18:54:48.575195,18.49,18.69
2025-12-12 18:54:48.775603,18.46,18.66
2025-12-12 18:54:51.160593,18.47,18.67
2025-12-12 18:54:52.804983,18.5,18.7
2025-12-12 18:54:59.652071,18.47,18.67
2025-12-12 18:55:00.274791,18.49,18.69
2025-12-12 18:55:00.522613,18.46,18.66
2025-12-12 18:55:01.290524,18.49,18.69
2025-12-12 18:55:01.628836,18.47,18.67
2025-12-12 18:55:06.111084,18.5,18.7
2025-12-12 18:55:06.981329,18.47,18.67
2025-12-12 18:55:09.360086,18.46,18.66
2025-12-12 18:55:10.164652,18.49,18.69
2025-12-12 18:55:11.473487,18.47,18.67
2025-12-12 18:55:11.966410,18.49,18.69
2025-12-12 18:55:15.018821,18.5,18.7
2025-12-12 18:55:16.096357,18.49,18.69
2025-12-12 18:55:20.815833,18.47,18.67
2025-12-12 18:55:22.382388,18.46,18.66
2025-12-12 18:55:25.557653,18.49,18.69
2025-12-12 18:55:26.176578,18.5,18.7
2025-12-12 18:55:26.404993,18.49,18.69
2025-12-12 18:55:28.828458,18.47,18.67
2025-12-12 18:55:29.866563,18.49,18.69
2025-12-12 18:55:37.882598,18.46,18.66
2025-12-12 18:55:38.429451,18.5,18.7
2025-12-12 18:55:41.044172,18.49,18.69
2025-12-12 18:55:45.109398,18.47,18.67
2025-12-12 18:55:46.299921,18.49,18.69
2025-12-12 18:55:49.569999,18.5,18.7
2025-12-12 18:55:52.420591,18.47,18.67
2025-12-12 18:55:56.588604,18.5,18.7
2025-12-12 18:55:59.122674,18.46,18.66
2025-12-12 18:55:59.648036,18.5,18.7
2025-12-12 18:56:01.368361,18.47,18.67
2025-12-12 18:56:01.973997,18.46,18.66
2025-12-12 18:56:03.380114,18.47,18.67
2025-12-12 18:56:03.769231,18.46,18.66
2025-12-12 18:56:04.523216,18.49,18.69
2025-12-12 18:56:05.112482,18.47,18.67
2025-12-12 18:56:07.604733,18.5,18.7
2025-12-12 18:56:08.283230,18.47,18.67
2025-12-12 18:56:09.767469,18.46,18.66
2025-12-12 18:56:10.742271,18.49,18.69
2025-12-12 18:56:11.315165,18.46,18.66
2025-12-12 18:56:13.643329,18.47,18.67
2025-12-12 18:56:14.143096,18.49,18.69
2025-12-12 18:56:15.151181,18.46,18.66
2025-12-12 18:56:16.714631,18.47,18.67
2025-12-12 18:56:17.365542,18.5,18.7
2025-12-12 18:56:18.978590,18.46,18.66
2025-12-12 18:56:19.677940,18.5,18.7
2025-12-12 18:56:22.419598,18.49,18.69
2025-12-12 18:56:22.918270,18.46,18.66
2025-12-12 18:56:23.426453,18.49,18.69
2025-12-12 18:56:24.138944,18.46,18.66
2025-12-12 18:56:25.263908,18.47,18.67
2025-12-12 18:56:25.963019,18.49,18.69
2025-12-12 18:56:28.067796,18.5,18.7
2025-12-12 18:56:28.825016,18.46,18.66
2025-12-12 18:56:29.412880,18.49,18.69
2025-12-12 18:56:32.012203,18.5,18.7
2025-12-12 18:56:32.228625,18.47,18.67
2025-12-12 18:56:33.195261,18.5,18.7
2025-12-12 18:56:33.559270,18.46,18.66
2025-12-12 18:56:33.771573,18.47,18.67
2025-12-12 18:56:34.983027,18.49,18.69
2025-12-12 18:56:36.131704,18.47,18.67
2025-12-12 18:56:36.579894,18.49,18.69
2025-12-12 18:56:37.058429,18.47,18.67
2025-12-12 18:56:37.847999,18.49,18.69
2025-12-12 18:56:38.691545,18.5,18.7
2025-12-12 18:56:42.888443,18.47,18.67
2025-12-12 18:56:43.343919,18.46,18.66
2025-12-12 18:56:44.274032,18.49,18.69
2025-12-12 18:56:46.977307,18.5,18.7
2025-12-12 18:56:47.676834,18.49,18.69
2025-12-12 18:56:51.342738,18.47,18.67
2025-12-12 18:56:53.514221,18.5,18.7
2025-12-12 18:56:55.768939,18.46,18.66
2025-12-12 18:56:56.091066,18.5,18.7
2025-12-12 18:56:57.489091,18.49,18.69
2025-12-12 18:56:58.929842,18.47,18.67
2025-12-12 18:57:02.506924,18.5,18.7
2025-12-12 18:57:02.875973,18.49,18.69
2025-12-12 18:57:03.523220,18.5,18.7
2025-12-12 18:57:04.931810,18.46,18.66
2025-12-12 18:57:07.567396,18.49,18.69
2025-12-12 18:57:08.161249,18.47,18.67
2025-12-12 18:57:09.959851,18.5,18.7
2025-12-12 18:57:11.566178,18.46,18.66
2025-12-12 18:57:12.930024,18.47,18.67
2025-12-12 18:57:13.690738,18.5,18.7
2025-12-12 18:57:15.074389,18.47,18.67
2025-12-12 18:57:16.578298,18.46,18.66
2025-12-12 18:57:18.437926,18.47,18.67
2025-12-12 18:57:18.930737,18.5,18.7
2025-12-12 18:57:19.626866,18.49,18.69
2025-12-12 18:57:21.252229,18.52,18.72
2025-12-12 18:57:21.760049,18.54,18.74
2025-12-12 18:57:23.354084,18.52,18.72
2025-12-12 18:57:24.102421,18.51,18.71
2025-12-12 18:57:26.326724,18.52,18.72
2025-12-12 18:57:26.761284,18.55,18.75
2025-12-12 18:57:27.254964,18.51,18.71
2025-12-12 18:57:28.507658,18.55,18.75
2025-12-12 18:57:29.671229,18.52,18.72
2025-12-12 18:57:30.168856,18.54,18.74
2025-12-12 18:57:31.572053,18.51,18.71
2025-12-12 18:57:32.117924,18.55,18.75
2025-12-12 18:57:33.546853,18.51,18.71
2025-12-12 18:57:35.152639,18.55,18.75
2025-12-12 18:57:36.285835,18.51,18.71
2025-12-12 18:57:37.164082,18.54,18.74
2025-12-12 18:57:40.239536,18.51,18.71
2025-12-12 18:57:40.940738,18.55,18.75
2025-12-12 18:57:41.155242,18.51,18.71
2025-12-12 18:57:42.007484,18.55,18.75
2025-12-12 18:57:44.767949,18.54,18.74
2025-12-12 18:57:46.391093,18.52,18.72
2025-12-12 18:57:50.633279,18.51,18.71
2025-12-12 18:57:51.717007,18.52,18.72
2025-12-12 18:57:53.658668,18.54,18.74
2025-12-12 18:57:55.761027,18.55,18.75
2025-12-12 18:57:56.209344,18.51,18.71
2025-12-12 18:57:57.097635,18.54,18.74
2025-12-12 18:57:58.207649,18.57,18.77
2025-12-12 18:57:58.701545,18.6,18.8
2025-12-12 18:57:59.359901,18.55,18.8
2025-12-12 18:58:00.049602,18.52,18.72
2025-12-12 18:58:00.664067,18.54,18.74
2025-12-12 18:58:01.945170,18.56,18.76
2025-12-12 18:58:02.394953,18.59,18.79
2025-12-12 18:58:03.180720,18.56,18.76
2025-12-12 18:58:03.938157,18.57,18.77
2025-12-12 18:58:04.587502,18.56,18.76
2025-12-12 18:58:04.928537,18.6,18.8
2025-12-12 18:58:05.715382,18.57,18.77
2025-12-12 18:58:07.859465,18.6,18.8
2025-12-12 18:58:08.420646,18.57,18.77
2025-12-12 18:58:09.192364,18.59,18.79
2025-12-12 18:58:13.776736,18.6,18.8
2025-12-12 18:58:14.240251,18.56,18.76
2025-12-12 18:58:15.383792,18.6,18.8
2025-12-12 18:58:19.206058,18.56,18.76
2025-12-12 18:58:19.807947,18.57,18.77
2025-12-12 18:58:20.097067,18.59,18.79
2025-12-12 18:58:20.505863,18.56,18.76
2025-12-12 18:58:21.060553,18.57,18.77
2025-12-12 18:58:21.419521,18.56,18.76
2025-12-12 18:58:21.745389,18.6,18.8
2025-12-12 18:58:22.425167,18.57,18.77
2025-12-12 18:58:22.734729,18.56,18.76
2025-12-12 18:58:23.632109,18.57,18.77
2025-12-12 18:58:24.882895,18.59,18.79
2025-12-12 18:58:25.907485,18.56,18.76
2025-12-12 18:58:27.148795,18.6,18.8
2025-12-12 18:58:27.906099,18.57,18.77
2025-12-12 18:58:29.270023,18.56,18.76
2025-12-12 18:58:30.493321,18.59,18.79
2025-12-12 18:58:31.803868,18.57,18.77
2025-12-12 18:58:32.510209,18.6,18.8
2025-12-12 18:58:34.023100,18.56,18.76
2025-12-12 18:58:34.937192,18.57,18.77
2025-12-12 18:58:35.696650,18.56,18.76
2025-12-12 18:58:36.938259,18.59,18.79
2025-12-12 18:58:38.192276,18.6,18.8
2025-12-12 18:58:39.893167,18.59,18.79
2025-12-12 18:58:41.949033,18.56,18.76
2025-12-12 18:58:42.679860,18.57,18.77
2025-12-12 18:58:43.421427,18.59,18.79
2025-12-12 18:58:44.334022,18.6,18.8
2025-12-12 18:58:44.581668,18.54,18.74
2025-12-12 18:58:47.842595,18.52,18.72
