timestamp,bid,ask
2025-04-22 11:51:57.649899,27.43,27.68
2025-04-22 11:52:00.234139,27.43,27.63
2025-04-22 11:52:05.587080,27.43,27.68
2025-04-22 11:52:08.368443,27.43,27.63
2025-04-22 11:52:10.767384,27.48,27.68
2025-04-22 11:52:16.922360,27.43,27.68
2025-04-22 11:52:18.521743,27.48,27.68
2025-04-22 11:52:21.039511,27.43,27.68
2025-04-22 11:52:22.705311,27.48,27.68
2025-04-22 11:52:24.223391,27.43,27.68
2025-04-22 11:52:25.852108,27.48,27.68
2025-04-22 11:52:26.655448,27.43,27.68
2025-04-22 12:15:58.837862,27.43,27.63
2025-04-22 20:55:04.314686,26.45,26.61
2025-04-22 20:55:57.012303,26.45,26.66
2025-04-22 20:56:01.560057,26.45,26.61
2025-04-22 20:59:26.489186,26.45,26.66
2025-04-22 20:59:54.402147,26.45,26.61
2025-04-22 22:00:00.054440,25.85,26.01
2025-04-22 22:00:00.739407,25.75,25.91
2025-04-22 22:00:01.780945,25.7,25.91
2025-04-22 22:00:02.640913,25.7,25.86
2025-04-22 22:00:05.767869,25.66,25.99
2025-04-22 22:00:06.362522,25.66,25.89
2025-04-22 22:00:07.721108,25.71,25.94
2025-04-22 22:00:08.097299,25.71,25.99
2025-04-22 22:00:10.771181,25.66,25.94
2025-04-22 22:00:13.308251,25.61,25.84
2025-04-22 22:00:14.702241,25.56,25.84
2025-04-22 22:00:15.801123,25.61,25.79
2025-04-22 22:00:16.571682,25.61,25.89
2025-04-22 22:00:17.624907,25.56,25.79
2025-04-22 22:00:19.007476,25.61,25.84
2025-04-22 22:00:20.882383,25.61,25.89
2025-04-22 22:00:22.204560,25.56,25.79
2025-04-22 22:00:23.397484,25.56,25.84
2025-04-22 22:00:24.452701,25.61,25.84
2025-04-22 22:00:25.589780,25.61,25.89
2025-04-22 22:00:26.437332,25.61,25.84
2025-04-22 22:00:27.412583,25.61,25.89
2025-04-22 22:00:28.997445,25.61,25.84
2025-04-22 22:00:34.797439,25.56,25.84
2025-04-22 22:00:40.030755,25.61,25.89
2025-04-22 22:00:42.804673,25.56,25.79
2025-04-22 22:00:46.854905,25.56,25.84
2025-04-22 22:00:48.078718,25.61,25.84
2025-04-22 22:00:49.677616,25.61,25.89
2025-04-22 22:00:51.401301,25.66,25.89
2025-04-22 22:00:51.940880,25.61,25.89
2025-04-22 22:00:52.792563,25.71,25.89
2025-04-22 22:00:54.712023,25.71,25.99
2025-04-22 22:00:56.436298,25.71,25.94
2025-04-22 22:00:59.717009,25.71,25.99
2025-04-22 22:01:00.460329,25.71,25.94
2025-04-22 22:01:01.791815,25.71,25.99
2025-04-22 22:01:08.369453,25.66,25.94
2025-04-22 22:01:09.664165,25.71,25.94
2025-04-22 22:01:22.613441,25.71,25.99
2025-04-22 22:01:40.794644,25.71,25.94
2025-04-22 22:01:45.007182,25.66,25.94
2025-04-22 22:01:51.073852,25.66,25.89
2025-04-22 22:01:52.035155,25.66,25.94
2025-04-22 22:01:52.536600,25.66,25.89
2025-04-22 22:01:55.774835,25.61,25.89
2025-04-22 22:02:05.888806,25.66,25.89
2025-04-22 22:02:13.854677,25.61,25.89
2025-04-22 22:02:19.665192,25.61,25.84
2025-04-22 22:02:21.926692,25.56,25.84
2025-04-22 22:02:25.328900,25.51,25.79
2025-04-22 22:02:25.797205,25.51,25.74
2025-04-22 22:02:32.853076,25.51,25.79
2025-04-22 22:02:38.614053,25.46,25.79
2025-04-22 22:02:39.436640,25.51,25.79
2025-04-22 22:02:46.917626,25.51,25.74
2025-04-22 22:02:50.831018,25.46,25.74
2025-04-22 22:02:51.374688,25.46,25.69
2025-04-22 22:02:52.297981,25.41,25.69
2025-04-22 22:02:53.111557,25.41,25.64
2025-04-22 22:02:53.334843,25.41,25.69
2025-04-22 22:02:53.411755,25.46,25.69
2025-04-22 22:02:54.033988,25.41,25.69
2025-04-22 22:02:58.564961,25.41,25.64
2025-04-22 22:03:00.358713,25.36,25.64
2025-04-22 22:03:01.624794,25.41,25.64
2025-04-22 22:03:02.426483,25.36,25.64
2025-04-22 22:03:03.034998,25.41,25.64
2025-04-22 22:03:03.668289,25.36,25.59
2025-04-22 22:03:04.428762,25.41,25.64
2025-04-22 22:03:05.799550,25.41,25.69
2025-04-22 22:03:08.861034,25.41,25.64
2025-04-22 22:03:12.291158,25.41,25.69
2025-04-22 22:03:16.784761,25.46,25.69
2025-04-22 22:03:18.562627,25.41,25.64
2025-04-22 22:03:21.176331,25.46,25.69
2025-04-22 22:03:21.688963,25.51,25.74
2025-04-22 22:03:22.857469,25.51,25.79
2025-04-22 22:03:23.978142,25.51,25.74
2025-04-22 22:03:25.747502,25.46,25.69
2025-04-22 22:03:27.933591,25.46,25.74
2025-04-22 22:03:29.558426,25.51,25.74
2025-04-22 22:03:31.442443,25.46,25.74
2025-04-22 22:03:32.151542,25.46,25.69
2025-04-22 22:03:32.726359,25.46,25.74
2025-04-22 22:03:35.912994,25.51,25.74
2025-04-22 22:03:43.480174,25.46,25.74
2025-04-22 22:03:49.056569,25.46,25.69
2025-04-22 22:03:49.615216,25.46,25.74
2025-04-22 22:03:50.383767,25.51,25.74
2025-04-22 22:03:54.693419,25.41,25.69
2025-04-22 22:03:56.445865,25.46,25.69
2025-04-22 22:04:01.483316,25.46,25.74
2025-04-22 22:04:03.549561,25.46,25.69
2025-04-22 22:04:04.422563,25.51,25.74
2025-04-22 22:04:06.749817,25.46,25.74
2025-04-22 22:04:19.400592,25.51,25.74
2025-04-22 22:04:36.198250,25.51,25.79
2025-04-22 22:04:51.289716,25.56,25.79
2025-04-22 22:04:51.819137,25.51,25.79
2025-04-22 22:04:52.498439,25.56,25.79
2025-04-22 22:05:00.351703,25.51,25.79
2025-04-22 22:05:03.448601,25.56,25.79
2025-04-22 22:05:05.898257,25.51,25.79
2025-04-22 22:05:07.321169,25.56,25.79
2025-04-22 22:05:10.936224,25.61,25.79
2025-04-22 22:05:12.853101,25.61,25.84
2025-04-22 22:05:13.711248,25.56,25.84
2025-04-22 22:05:15.835496,25.56,25.79
2025-04-22 22:05:16.376192,25.56,25.84
2025-04-22 22:05:17.690990,25.56,25.79
2025-04-22 22:05:18.424620,25.56,25.84
2025-04-22 22:05:22.771740,25.61,25.84
2025-04-22 22:05:26.895506,25.61,25.89
2025-04-22 22:05:27.769228,25.66,25.89
2025-04-22 22:05:28.348469,25.61,25.89
2025-04-22 22:05:29.039423,25.61,25.84
2025-04-22 22:05:30.035965,25.61,25.89
2025-04-22 22:05:32.773418,25.66,25.89
2025-04-22 22:05:36.132253,25.61,25.89
2025-04-22 22:05:39.233024,25.61,25.84
2025-04-22 22:05:40.504062,25.61,25.89
2025-04-22 22:05:42.019646,25.61,25.84
2025-04-22 22:05:44.079279,25.61,25.89
2025-04-22 22:05:50.230275,25.61,25.84
2025-04-22 22:05:51.945333,25.61,25.89
2025-04-22 22:05:52.873243,25.61,25.84
2025-04-22 22:05:53.089327,25.61,25.89
2025-04-22 22:05:54.542826,25.61,25.84
2025-04-22 22:05:56.510606,25.61,25.89
2025-04-22 22:05:57.393624,25.61,25.84
2025-04-22 22:05:58.122882,25.61,25.89
2025-04-22 22:06:00.091036,25.61,25.84
2025-04-22 22:06:03.742537,25.56,25.84
2025-04-22 22:06:04.148658,25.56,25.79
2025-04-22 22:06:05.387975,25.56,25.84
2025-04-22 22:06:07.758765,25.61,25.84
2025-04-22 22:06:10.310304,25.56,25.84
2025-04-22 22:06:17.050836,25.61,25.84
2025-04-22 22:06:22.241051,25.56,25.84
2025-04-22 22:06:28.672190,25.61,25.84
2025-04-22 22:06:36.511713,25.61,25.89
2025-04-22 22:06:37.212639,25.56,25.84
2025-04-22 22:06:38.810007,25.61,25.84
2025-04-22 22:06:39.803604,25.56,25.84
2025-04-22 22:06:44.475762,25.61,25.84
2025-04-22 22:06:45.056845,25.56,25.84
2025-04-22 22:06:47.834061,25.56,25.79
2025-04-22 22:07:02.481242,25.51,25.79
2025-04-22 22:07:04.111632,25.51,25.74
2025-04-22 22:07:05.414073,25.46,25.74
2025-04-22 22:07:06.333629,25.46,25.69
2025-04-22 22:07:07.603864,25.46,25.74
2025-04-22 22:07:17.747379,25.51,25.74
2025-04-22 22:07:20.479221,25.51,25.79
2025-04-22 22:07:22.828337,25.51,25.74
2025-04-22 22:07:25.986759,25.46,25.74
2025-04-22 22:07:38.149170,25.51,25.74
2025-04-22 22:07:40.116114,25.46,25.74
2025-04-22 22:07:43.552298,25.51,25.74
2025-04-22 22:07:46.052024,25.46,25.74
2025-04-22 22:07:46.704268,25.51,25.74
2025-04-22 22:07:48.408288,25.56,25.74
2025-04-22 22:07:55.678177,25.56,25.79
2025-04-22 22:07:58.297242,25.51,25.79
2025-04-22 22:07:59.580042,25.51,25.74
2025-04-22 22:08:02.499462,25.51,25.79
2025-04-22 22:08:04.489526,25.56,25.79
2025-04-22 22:08:16.470905,25.51,25.79
2025-04-22 22:08:18.008360,25.56,25.79
2025-04-22 22:09:09.227505,25.56,25.84
2025-04-22 22:09:35.460899,25.61,25.89
2025-04-22 22:09:37.010331,25.66,25.89
2025-04-22 22:09:41.596674,25.61,25.89
2025-04-22 22:09:42.094176,25.66,25.89
2025-04-22 22:09:48.291468,25.61,25.89
2025-04-22 22:09:49.245730,25.61,25.84
2025-04-22 22:09:55.011268,25.61,25.89
2025-04-22 22:09:58.748411,25.66,25.89
2025-04-22 22:10:06.730511,25.61,25.89
2025-04-22 22:10:07.538428,25.66,25.89
2025-04-22 22:10:08.604511,25.61,25.84
2025-04-22 22:10:09.630873,25.61,25.89
2025-04-22 22:10:20.993850,25.66,25.89
2025-04-22 22:10:28.803568,25.61,25.89
2025-04-22 22:10:29.807321,25.61,25.84
2025-04-22 22:10:33.107284,25.56,25.84
2025-04-22 22:10:34.509386,25.61,25.84
2025-04-22 22:10:35.359158,25.56,25.84
2025-04-22 22:10:41.794205,25.56,25.79
2025-04-22 22:10:51.734425,25.61,25.84
2025-04-22 22:11:14.823111,25.61,25.79
2025-04-22 22:11:15.221582,25.61,25.84
2025-04-22 22:11:15.828905,25.56,25.84
2025-04-22 22:11:20.957664,25.56,25.79
2025-04-22 22:11:34.325734,25.56,25.84
2025-04-22 22:11:35.092291,25.61,25.84
2025-04-22 22:11:38.523351,25.56,25.79
2025-04-22 22:11:44.153825,25.61,25.84
2025-04-22 22:12:11.943871,25.56,25.84
2025-04-22 22:12:15.463939,25.61,25.89
2025-04-22 22:12:16.009794,25.66,25.89
2025-04-22 22:12:30.958026,25.61,25.89
2025-04-22 22:13:41.394068,25.56,25.84
2025-04-22 22:13:42.741539,25.61,25.84
2025-04-22 22:13:47.901787,25.56,25.84
2025-04-22 22:13:53.459495,25.61,25.84
2025-04-22 22:14:51.746919,25.56,25.84
2025-04-22 22:14:53.351178,25.46,25.74
2025-04-22 22:14:56.414088,25.51,25.79
2025-04-22 22:14:56.875666,25.51,25.74
2025-04-22 22:15:15.675484,25.51,25.79
2025-04-22 22:15:19.395456,25.56,25.79
2025-04-22 22:15:23.143634,25.51,25.79
2025-04-22 22:15:23.965360,25.56,25.79
2025-04-22 22:16:37.929409,25.51,25.79
2025-04-22 22:16:41.356332,25.51,25.74
2025-04-22 22:16:56.952688,25.51,25.79
2025-04-22 22:16:59.409880,25.56,25.79
2025-04-22 22:17:41.988481,25.51,25.79
2025-04-22 22:18:08.117680,25.51,25.74
2025-04-22 22:18:13.816598,25.46,25.74
2025-04-22 22:19:23.137496,25.51,25.74
2025-04-22 22:21:14.004041,25.51,25.79
2025-04-22 22:21:26.197239,25.51,25.74
2025-04-22 22:22:59.849607,25.46,25.74
2025-04-22 22:23:00.880765,25.46,25.69
2025-04-22 22:23:21.929615,25.46,25.74
2025-04-22 22:23:22.557342,25.51,25.69
2025-04-22 22:23:23.331114,25.51,25.74
2025-04-22 22:23:25.848544,25.46,25.74
2025-04-22 22:23:31.280490,25.46,25.69
2025-04-22 22:24:06.924517,25.41,25.69
2025-04-22 22:24:08.407973,25.41,25.64
2025-04-22 22:24:15.709601,25.46,25.64
2025-04-22 22:24:16.397006,25.41,25.69
2025-04-22 22:24:17.457122,25.46,25.69
2025-04-22 22:25:17.648580,25.46,25.74
2025-04-22 22:25:22.437156,25.51,25.74
2025-04-22 22:26:09.665698,25.46,25.74
2025-04-22 22:26:10.645965,25.51,25.74
2025-04-22 22:26:15.831639,25.56,25.74
2025-04-22 22:26:17.634438,25.51,25.74
2025-04-22 22:26:39.803454,25.46,25.74
2025-04-22 22:26:41.394141,25.51,25.74
2025-04-22 22:26:42.473580,25.46,25.74
2025-04-22 22:26:43.940387,25.46,25.69
2025-04-22 22:27:03.173227,25.41,25.69
2025-04-22 22:27:03.683276,25.41,25.64
2025-04-22 22:27:35.228059,25.36,25.64
2025-04-22 22:27:39.841736,25.36,25.59
2025-04-22 22:27:42.548039,25.36,25.64
2025-04-22 22:27:56.353854,25.41,25.64
2025-04-22 22:28:05.400113,25.36,25.64
2025-04-22 22:28:10.462664,25.36,25.59
2025-04-22 22:28:27.911952,25.31,25.59
2025-04-22 22:28:28.338395,25.31,25.54
2025-04-22 22:28:32.191113,25.31,25.59
2025-04-22 22:28:32.923032,25.36,25.59
2025-04-22 22:30:00.590876,25.38,25.58
2025-04-22 22:30:44.315982,25.43,25.63
2025-04-22 22:30:44.865644,25.38,25.58
2025-04-22 22:30:56.573598,25.38,25.63
2025-04-22 22:30:58.665410,25.43,25.63
2025-04-22 22:31:02.421411,25.38,25.63
2025-04-22 22:31:05.115290,25.43,25.63
2025-04-22 22:31:08.082950,25.38,25.63
2025-04-22 22:31:10.938222,25.38,25.58
2025-04-22 22:31:19.372242,25.43,25.63
2025-04-22 22:33:07.313883,25.38,25.58
2025-04-22 22:33:09.044608,25.33,25.53
2025-04-22 22:33:57.768386,25.38,25.58
2025-04-22 22:34:22.031161,25.33,25.53
2025-04-22 22:35:45.551106,25.33,25.58
2025-04-22 22:35:46.252788,25.38,25.58
2025-04-22 22:35:57.430202,25.33,25.58
2025-04-22 22:35:59.645798,25.33,25.53
2025-04-22 22:36:04.543598,25.38,25.58
2025-04-22 22:36:20.122168,25.43,25.63
2025-04-22 22:39:03.188292,25.38,25.58
2025-04-22 22:39:09.528423,25.33,25.53
2025-04-22 22:39:13.833911,25.33,25.58
2025-04-22 22:39:17.670591,25.38,25.58
2025-04-22 22:39:55.653261,25.33,25.58
2025-04-22 22:40:02.711300,25.33,25.53
2025-04-22 22:40:34.643280,25.38,25.58
2025-04-22 22:42:30.564199,25.33,25.58
2025-04-22 22:42:36.428919,25.33,25.53
2025-04-22 22:42:54.368463,25.33,25.58
2025-04-22 22:43:03.224080,25.38,25.58
2025-04-22 22:43:21.501354,25.43,25.63
2025-04-22 22:44:19.777480,25.38,25.58
2025-04-22 22:44:23.042301,25.33,25.58
2025-04-22 22:44:24.619474,25.38,25.58
2025-04-22 22:44:48.706362,25.33,25.53
2025-04-22 22:47:03.534028,25.38,25.58
2025-04-22 22:47:04.524061,25.33,25.53
2025-04-22 22:47:54.313604,25.28,25.53
2025-04-22 22:47:58.017977,25.28,25.48
2025-04-22 22:48:56.606043,25.33,25.53
2025-04-22 22:49:03.307789,25.28,25.53
2025-04-22 22:51:34.500571,25.28,25.53
2025-04-22 22:51:48.213065,25.28,25.48
2025-04-23 08:46:36.565174,25.08,25.33
2025-04-23 08:46:45.073332,25.13,25.33
2025-04-23 08:46:57.663624,25.08,25.28
2025-04-23 08:47:02.115695,25.08,25.33
2025-04-23 08:47:20.182460,25.13,25.33
2025-04-23 08:47:42.006010,25.08,25.33
2025-04-23 08:47:45.415629,25.08,25.28
2025-04-23 08:49:04.866158,25.08,25.33
2025-04-23 08:49:12.022478,25.13,25.33
2025-04-23 08:49:29.269415,25.08,25.28
2025-04-23 08:51:04.899197,25.08,25.33
2025-04-23 08:51:10.373221,25.08,25.28
2025-04-23 08:51:19.861294,25.08,25.33
2025-04-23 08:51:20.796248,25.08,25.28
2025-04-24 19:50:15.409237,24.38,24.58
2025-04-24 19:50:38.368178,24.33,24.53
2025-04-24 19:50:38.888593,24.38,24.58
2025-04-24 19:51:31.086449,24.43,24.63
2025-04-24 19:53:49.758472,24.43,24.63
2025-04-24 19:53:54.258330,24.38,24.58
2025-04-24 19:54:26.470644,24.43,24.63
2025-04-24 19:54:27.233106,24.38,24.58
2025-04-24 19:55:02.136969,24.43,24.63
2025-04-24 19:55:04.386627,24.38,24.58
2025-04-24 19:55:06.103102,24.43,24.63
2025-04-24 19:55:34.041147,24.38,24.58
2025-04-24 19:55:42.484828,24.43,24.63
2025-04-24 19:55:45.055215,24.38,24.63
2025-04-24 19:55:45.970948,24.43,24.63
2025-04-24 19:58:20.600550,24.43,24.68
2025-04-24 19:58:20.920564,24.43,24.63
2025-04-24 19:58:26.864307,24.48,24.68
2025-04-24 19:58:45.605445,24.43,24.63
2025-04-24 19:59:02.716195,24.48,24.68
2025-04-24 19:59:03.577803,24.43,24.63
2025-04-24 19:59:07.737404,24.48,24.68
2025-04-24 19:59:08.502172,24.43,24.63
2025-04-24 19:59:16.148058,24.48,24.68
2025-04-24 19:59:49.858978,24.43,24.63
2025-04-24 19:59:57.646040,24.48,24.68
2025-04-24 19:59:58.472772,24.43,24.68
2025-04-24 19:59:58.982974,24.43,24.63
2025-04-24 20:00:57.285452,24.48,24.68
2025-04-24 20:00:58.036730,24.43,24.63
2025-04-24 20:01:42.850002,24.38,24.58
2025-04-24 20:01:45.682795,24.23,24.43
2025-04-24 20:01:51.283766,24.28,24.48
2025-04-24 20:01:53.945025,24.33,24.53
2025-04-24 20:01:54.949378,24.33,24.58
2025-04-24 20:01:55.605764,24.33,24.53
2025-04-24 20:01:56.571988,24.28,24.48
2025-04-24 20:01:59.577190,24.33,24.53
2025-04-24 20:02:02.197361,24.28,24.48
2025-04-25 12:58:20.486419,24.58,24.83
2025-04-25 12:58:31.527236,24.58,24.78
2025-04-25 12:58:44.180400,24.58,24.83
2025-04-25 12:58:45.836270,24.58,24.78
2025-04-25 12:58:55.449835,24.58,24.83
2025-04-25 12:58:56.823768,24.63,24.83
2025-04-25 12:59:58.095220,24.58,24.78
2025-04-25 13:00:01.921615,24.63,24.83
2025-04-25 13:00:02.926467,24.58,24.83
2025-04-25 13:00:03.556971,24.63,24.83
2025-04-25 13:00:28.226687,24.68,24.88
2025-04-25 13:02:10.803826,24.58,24.78
2025-04-25 13:02:12.786239,24.63,24.83
2025-04-25 13:02:13.414706,24.58,24.83
2025-04-25 13:02:13.969788,24.63,24.83
2025-04-25 13:02:15.162344,24.58,24.78
2025-04-25 13:02:16.005876,24.63,24.83
2025-04-25 13:02:16.841862,24.58,24.83
2025-04-25 13:02:18.099767,24.58,24.78
2025-04-25 13:02:18.613959,24.58,24.83
2025-04-25 13:02:19.350540,24.58,24.78
2025-04-25 13:28:27.835909,24.53,24.73
2025-04-25 13:28:31.544562,24.48,24.73
2025-04-25 13:28:33.318052,24.53,24.73
2025-04-25 13:28:40.658071,24.48,24.68
2025-04-25 13:28:41.894793,24.43,24.63
2025-04-25 13:28:42.388293,24.38,24.63
2025-04-25 13:28:43.190213,24.43,24.63
2025-04-25 13:29:11.439088,24.38,24.63
2025-04-25 13:29:12.264853,24.43,24.63
2025-04-25 13:29:30.705522,24.38,24.58
2025-04-25 13:29:38.210785,24.38,24.63
2025-04-25 13:29:51.061387,24.43,24.63
2025-04-25 13:29:52.984701,24.38,24.58
2025-04-25 13:29:53.716487,24.38,24.63
2025-04-25 13:29:55.501979,24.38,24.58
2025-04-25 13:30:00.032988,24.33,24.58
2025-04-25 13:30:00.348271,24.38,24.58
2025-04-25 13:30:06.689170,24.43,24.63
2025-04-25 13:30:26.705522,24.48,24.68
2025-04-25 13:30:29.073460,24.43,24.63
2025-04-25 13:30:31.577637,24.43,24.68
2025-04-25 13:30:34.894747,24.43,24.63
2025-04-25 13:30:39.258121,24.48,24.68
2025-04-25 13:30:44.676339,24.53,24.73
2025-04-25 13:31:28.417873,24.53,24.73
2025-04-25 13:31:28.883567,24.48,24.68
2025-04-25 13:31:34.152476,24.53,24.73
2025-04-25 13:31:39.483566,24.48,24.68
2025-04-25 13:31:42.913441,24.53,24.73
2025-04-25 13:31:49.004763,24.58,24.78
2025-04-25 13:31:50.267671,24.53,24.78
2025-04-25 13:31:50.851565,24.53,24.73
2025-04-25 13:31:56.179450,24.53,24.78
2025-04-25 13:31:56.607120,24.53,24.73
2025-04-25 13:32:02.184942,24.58,24.78
2025-04-25 13:32:20.805598,24.63,24.83
2025-04-25 13:32:21.297158,24.58,24.78
2025-04-25 13:32:22.460729,24.63,24.83
2025-04-25 13:32:45.325290,24.63,24.88
2025-04-25 13:32:45.756234,24.68,24.88
2025-04-25 13:32:49.028844,24.63,24.83
2025-04-25 13:32:50.094610,24.68,24.88
2025-04-25 13:33:03.193171,24.63,24.88
2025-04-25 13:33:03.608800,24.68,24.88
2025-04-25 13:33:04.183446,24.63,24.83
2025-04-25 13:33:08.185493,24.63,24.88
2025-04-25 13:33:08.871788,24.63,24.83
2025-04-25 13:33:36.136991,24.58,24.78
2025-04-25 13:33:39.536757,24.53,24.73
2025-04-25 13:33:40.710570,24.53,24.78
2025-04-25 13:33:41.893428,24.58,24.78
2025-04-25 13:33:43.173917,24.53,24.78
2025-04-25 13:33:43.635448,24.53,24.73
2025-04-25 13:33:44.258242,24.53,24.78
2025-04-25 13:33:46.673354,24.53,24.73
2025-04-25 13:33:57.365682,24.48,24.73
2025-04-25 13:33:57.832366,24.53,24.73
2025-04-25 13:33:59.722542,24.48,24.68
2025-04-25 13:34:08.820370,24.53,24.73
2025-04-25 13:34:16.069148,24.48,24.68
2025-04-25 13:34:16.576689,24.53,24.73
2025-04-25 13:34:21.737491,24.48,24.73
2025-04-25 13:34:22.266863,24.53,24.73
2025-04-25 13:35:00.945235,24.48,24.68
2025-04-25 13:35:01.403732,24.48,24.73
2025-04-25 13:35:02.469022,24.48,24.68
2025-04-25 13:42:41.888500,24.63,24.83
2025-04-25 13:42:51.376824,24.68,24.88
2025-04-25 13:42:56.460509,24.63,24.88
2025-04-25 13:42:57.051548,24.68,24.88
2025-04-25 13:43:20.216606,24.63,24.83
2025-04-25 13:43:28.031104,24.58,24.78
2025-04-25 13:43:33.422651,24.58,24.83
2025-04-25 13:43:34.303430,24.63,24.83
2025-04-25 13:43:34.881473,24.58,24.83
2025-04-25 13:43:35.709757,24.63,24.83
2025-04-25 13:44:17.767383,24.63,24.88
2025-04-25 13:44:19.948799,24.68,24.88
2025-04-25 13:45:08.461511,24.63,24.83
2025-04-25 13:45:13.119995,24.68,24.88
2025-04-25 13:45:16.596590,24.63,24.83
2025-04-25 13:46:45.269398,24.78,24.98
2025-04-25 13:46:46.362911,24.73,24.93
2025-04-25 13:46:47.833021,24.73,24.98
2025-04-25 13:46:48.741677,24.78,24.98
2025-04-25 13:46:52.299305,24.73,24.93
2025-04-25 13:47:03.939709,24.78,24.98
2025-04-25 13:47:04.478671,24.73,24.98
2025-04-25 13:47:05.048007,24.78,24.98
2025-04-25 13:47:17.376409,24.73,24.93
2025-04-25 13:47:21.958921,24.68,24.88
2025-04-25 13:47:24.976820,24.73,24.93
2025-04-25 13:47:34.545417,24.78,24.98
2025-04-25 13:47:35.131346,24.73,24.98
2025-04-25 13:47:35.687805,24.73,24.93
2025-04-25 13:47:37.676121,24.78,24.98
2025-04-25 13:47:40.881197,24.73,24.93
2025-04-25 13:47:42.447826,24.78,24.98
2025-04-25 13:48:26.185821,24.73,24.98
2025-04-25 13:48:27.592573,24.73,24.93
2025-04-25 13:48:29.714181,24.73,24.98
2025-04-25 13:48:30.143160,24.78,24.98
2025-04-25 13:48:30.689478,24.73,24.93
2025-04-25 13:48:31.539799,24.73,24.98
2025-04-25 13:48:32.293018,24.73,24.93
2025-04-25 13:48:33.324804,24.73,24.98
2025-04-25 13:48:35.994675,24.78,24.98
2025-04-25 13:48:38.776136,24.73,24.93
2025-04-25 13:48:57.439419,24.78,24.98
2025-04-25 13:49:06.593102,24.73,24.98
2025-04-25 13:49:07.483952,24.73,24.93
2025-04-25 13:49:07.987201,24.73,24.98
2025-04-25 13:49:08.718229,24.73,24.93
2025-04-25 13:49:10.167463,24.78,24.98
2025-04-25 13:49:18.983006,24.73,24.93
2025-04-25 13:49:24.943345,24.68,24.88
2025-04-25 13:49:34.097139,24.68,24.93
2025-04-25 13:49:34.820790,24.73,24.93
2025-04-25 13:49:48.827438,24.78,24.98
2025-04-25 13:49:52.214891,24.73,24.93
2025-04-25 13:49:54.418530,24.78,24.98
2025-04-25 13:49:54.856424,24.73,24.93
2025-04-25 13:50:19.084879,24.68,24.88
2025-04-25 13:50:48.837079,24.63,24.83
2025-04-25 13:50:58.070202,24.63,24.88
2025-04-25 13:50:58.551137,24.63,24.83
2025-04-25 13:51:06.357201,24.68,24.88
2025-04-25 13:51:11.172122,24.63,24.83
2025-04-25 13:51:12.947534,24.68,24.88
2025-04-25 13:51:16.949055,24.63,24.88
2025-04-25 13:51:17.682055,24.63,24.83
2025-04-25 13:51:29.096254,24.68,24.88
2025-04-25 13:51:39.296888,24.73,24.93
2025-04-25 13:51:59.022491,24.68,24.88
2025-04-25 13:52:00.140568,24.73,24.93
2025-04-25 13:52:40.210346,24.78,24.98
2025-04-25 13:52:40.912534,24.73,24.93
2025-04-25 13:53:12.316286,24.78,24.98
2025-04-25 13:53:45.543457,24.73,24.93
2025-04-25 13:53:46.573539,24.78,24.98
2025-04-25 13:54:21.718714,24.73,24.93
2025-04-25 13:54:28.162818,24.68,24.88
2025-04-25 13:54:28.645341,24.73,24.93
2025-04-25 13:54:30.720797,24.68,24.93
2025-04-25 13:54:31.363420,24.68,24.88
2025-04-25 13:54:32.554061,24.73,24.93
2025-04-25 13:55:11.883653,24.68,24.93
2025-04-25 13:55:13.191006,24.73,24.93
2025-04-25 13:55:14.298149,24.68,24.93
2025-04-25 13:55:14.978847,24.73,24.93
2025-04-25 13:55:20.775926,24.68,24.93
2025-04-25 13:55:21.524098,24.73,24.93
2025-04-25 13:55:31.623958,24.68,24.93
2025-04-25 13:55:32.324938,24.68,24.88
2025-04-25 13:55:37.397614,24.73,24.93
2025-04-25 13:56:21.031114,24.78,24.98
2025-04-25 13:56:35.149564,24.73,24.93
2025-04-25 13:56:37.417752,24.78,24.98
2025-04-25 13:57:16.519255,24.83,25.03
2025-04-25 13:57:23.829044,24.78,24.98
2025-04-25 13:57:33.161513,24.83,25.03
2025-04-25 13:57:47.941548,24.78,25.03
2025-04-25 13:57:49.571695,24.83,25.03
2025-04-25 13:57:50.746965,24.78,25.03
2025-04-25 13:57:51.495869,24.83,25.03
2025-04-25 13:57:52.478433,24.78,25.03
2025-04-25 13:57:53.155292,24.78,24.98
2025-04-25 13:57:53.616876,24.83,25.03
2025-04-25 13:57:58.698848,24.78,25.03
2025-04-25 13:58:00.739981,24.83,25.03
2025-04-25 13:58:17.821192,24.78,24.98
2025-04-25 13:58:25.232210,24.78,25.03
2025-04-25 13:58:26.667807,24.78,24.98
2025-04-25 13:58:28.425789,24.83,25.03
2025-04-25 13:58:28.857484,24.78,25.03
2025-04-25 13:58:29.973909,24.83,25.03
2025-04-25 13:58:40.783280,24.78,25.03
2025-04-25 13:58:41.464504,24.78,24.98
2025-04-25 13:59:02.070828,24.83,25.03
2025-04-25 13:59:02.643912,24.78,25.03
2025-04-25 13:59:03.201841,24.83,25.03
2025-04-25 13:59:12.818204,24.78,25.03
2025-04-25 13:59:18.251955,24.78,24.98
2025-04-25 13:59:19.615263,24.78,25.03
2025-04-25 13:59:20.362721,24.83,25.03
2025-04-25 13:59:22.566521,24.78,24.98
2025-04-25 13:59:23.292278,24.83,25.03
2025-04-25 13:59:30.028304,24.78,24.98
2025-04-25 13:59:50.247519,24.83,25.03
2025-04-25 13:59:53.079374,24.78,25.03
2025-04-25 13:59:54.861959,24.83,25.03
2025-04-25 13:59:56.403000,24.78,25.03
2025-04-25 13:59:57.040730,24.83,25.03
2025-04-25 14:00:00.257745,24.73,24.93
2025-04-25 14:00:01.967736,24.68,24.88
2025-04-25 14:00:03.068608,24.78,24.98
2025-04-25 14:00:05.553710,24.73,24.93
2025-04-25 14:00:12.531182,24.73,24.98
2025-04-25 14:00:13.306158,24.73,24.93
2025-04-25 14:00:14.058392,24.78,24.98
2025-04-25 14:00:14.694043,24.73,24.93
2025-04-25 14:00:22.822350,24.68,24.93
2025-04-25 14:00:24.766689,24.68,24.88
2025-04-25 14:00:28.224564,24.73,24.93
2025-04-25 14:00:35.026510,24.68,24.88
2025-04-25 14:00:35.609072,24.68,24.93
2025-04-25 14:00:36.113705,24.73,24.93
2025-04-25 14:00:59.351495,24.68,24.88
2025-04-25 14:00:59.832849,24.73,24.93
2025-04-25 14:01:00.476178,24.68,24.88
2025-04-25 14:01:36.080310,24.73,24.93
2025-04-25 14:01:38.226073,24.68,24.93
2025-04-25 14:01:39.064985,24.73,24.93
2025-04-25 14:01:42.473909,24.68,24.93
2025-04-25 14:01:43.020066,24.73,24.93
2025-04-25 14:01:43.498985,24.68,24.93
2025-04-25 14:01:43.958779,24.68,24.88
2025-04-25 14:01:45.000054,24.73,24.93
2025-04-25 14:02:13.634601,24.68,24.88
2025-04-25 14:02:47.130302,24.73,24.93
2025-04-25 14:02:49.202618,24.68,24.88
2025-04-25 14:03:06.632054,24.73,24.93
2025-04-25 14:03:07.727788,24.68,24.93
2025-04-25 14:03:08.774425,24.73,24.93
2025-04-25 14:03:09.416764,24.68,24.88
2025-04-25 14:03:25.275616,24.73,24.93
2025-04-25 14:03:28.670260,24.68,24.93
2025-04-25 14:03:29.882248,24.68,24.88
2025-04-25 14:03:30.543364,24.68,24.93
2025-04-25 14:03:31.509868,24.68,24.88
2025-04-25 14:03:34.915662,24.73,24.93
2025-04-25 14:03:35.350574,24.68,24.88
2025-04-25 14:03:38.212513,24.73,24.93
2025-04-25 14:03:39.990703,24.68,24.93
2025-04-25 14:03:40.733768,24.68,24.88
2025-04-25 14:03:42.410531,24.73,24.93
2025-04-25 14:03:43.934444,24.68,24.93
2025-04-25 14:03:44.872623,24.68,24.88
2025-04-25 14:03:46.174917,24.68,24.93
2025-04-25 14:03:47.387468,24.73,24.93
2025-04-25 14:03:51.209509,24.68,24.88
2025-04-25 14:04:03.768517,24.73,24.93
2025-04-25 14:04:05.645540,24.68,24.93
2025-04-25 14:04:06.205779,24.68,24.88
2025-04-25 14:04:13.665410,24.63,24.83
2025-04-25 14:04:39.606743,24.68,24.88
2025-04-25 14:04:45.011886,24.73,24.93
2025-04-25 14:05:09.747978,24.68,24.88
2025-04-25 14:05:16.013105,24.73,24.93
2025-04-25 14:05:16.969685,24.68,24.88
2025-04-25 14:05:47.327522,24.73,24.93
2025-04-25 14:05:59.944405,24.68,24.88
2025-04-25 14:06:41.584857,24.63,24.83
2025-04-25 14:06:48.039221,24.68,24.88
2025-04-25 14:06:48.689194,24.63,24.88
2025-04-25 14:06:49.359849,24.63,24.83
2025-04-25 14:07:24.043569,24.58,24.78
2025-04-25 14:07:24.500937,24.63,24.83
2025-04-25 14:54:53.013779,24.38,24.58
2025-04-25 14:55:11.689701,24.43,24.63
2025-04-25 14:55:15.219289,24.38,24.58
2025-04-25 14:55:15.957247,24.43,24.63
2025-04-25 14:55:16.438942,24.38,24.63
2025-04-25 14:55:18.648823,24.43,24.63
2025-04-25 14:55:25.330736,24.38,24.63
2025-04-25 14:55:26.747863,24.43,24.63
2025-04-25 14:55:29.584563,24.38,24.63
2025-04-25 14:55:30.461835,24.43,24.63
2025-04-25 14:55:31.152115,24.38,24.58
2025-04-25 14:55:31.901175,24.38,24.63
2025-04-25 14:55:32.606830,24.38,24.58
2025-04-25 14:55:38.067290,24.43,24.63
2025-04-25 14:55:39.244210,24.38,24.58
2025-04-25 14:55:40.170901,24.43,24.63
2025-04-25 14:55:40.894917,24.38,24.63
2025-04-25 14:55:42.115659,24.43,24.63
2025-04-25 14:55:44.995609,24.38,24.58
2025-04-25 14:55:52.346280,24.43,24.63
2025-04-25 14:56:00.279267,24.38,24.58
2025-04-25 14:56:19.334578,24.38,24.63
2025-04-25 14:56:20.791585,24.43,24.63
2025-04-25 14:56:28.135930,24.48,24.68
2025-04-25 14:56:29.218186,24.43,24.68
2025-04-25 14:56:29.717918,24.48,24.68
2025-04-25 14:56:37.128053,24.43,24.63
2025-04-25 14:56:38.484329,24.43,24.68
2025-04-25 14:56:39.439848,24.43,24.63
2025-04-25 14:56:39.865959,24.43,24.68
2025-04-25 14:56:40.440706,24.43,24.63
2025-04-25 14:56:42.050661,24.43,24.68
2025-04-25 14:56:42.690880,24.48,24.68
2025-04-25 14:56:43.634392,24.43,24.63
2025-04-25 14:56:44.158912,24.48,24.68
2025-04-25 14:56:53.988788,24.43,24.63
2025-04-25 14:56:54.504433,24.48,24.68
2025-04-25 14:57:06.751174,24.43,24.63
2025-04-25 14:57:08.999987,24.48,24.68
2025-04-25 14:57:50.369155,24.43,24.63
2025-04-25 14:59:13.861101,24.38,24.58
2025-04-25 14:59:49.831880,24.33,24.58
2025-04-25 14:59:50.270377,24.33,24.53
2025-04-25 15:00:07.455100,24.38,24.58
2025-04-25 15:00:09.349358,24.33,24.53
2025-04-25 15:00:14.009792,24.38,24.58
2025-04-25 15:00:15.212495,24.33,24.58
2025-04-25 15:00:15.930035,24.38,24.58
2025-04-25 15:00:36.324368,24.43,24.63
2025-04-25 15:00:49.688185,24.38,24.63
2025-04-25 15:00:50.390891,24.43,24.63
2025-04-25 15:00:57.646227,24.38,24.63
2025-04-25 15:00:58.033800,24.38,24.58
2025-04-25 15:01:14.058148,24.33,24.53
2025-04-25 15:01:17.922514,24.38,24.58
2025-04-25 15:01:21.449667,24.33,24.53
2025-04-25 15:01:21.953033,24.33,24.58
2025-04-25 15:01:22.631048,24.38,24.58
2025-04-25 15:01:23.758614,24.33,24.53
2025-04-25 15:01:25.463167,24.38,24.58
2025-04-25 15:02:03.193627,24.33,24.58
2025-04-25 15:02:05.609171,24.38,24.58
2025-04-25 15:02:06.811240,24.33,24.53
2025-04-25 15:02:18.326773,24.33,24.58
2025-04-25 15:02:19.181008,24.38,24.58
2025-04-25 15:02:30.447375,24.33,24.53
2025-04-25 15:02:35.989195,24.33,24.58
2025-04-25 15:02:37.208439,24.33,24.53
2025-04-25 15:03:06.561028,24.33,24.58
2025-04-25 15:03:07.125126,24.33,24.53
2025-04-25 15:03:09.441584,24.33,24.58
2025-04-25 15:03:10.267940,24.33,24.53
2025-04-25 15:04:18.986689,24.28,24.48
2025-04-25 15:04:22.284567,24.28,24.53
2025-04-25 15:04:22.854468,24.28,24.48
2025-04-25 15:04:59.446896,24.33,24.53
2025-04-25 15:05:00.608216,24.28,24.48
2025-04-25 15:05:10.749419,24.33,24.53
2025-04-25 15:05:15.602578,24.28,24.48
2025-04-25 15:05:42.281293,24.33,24.53
2025-04-25 15:05:48.018897,24.28,24.48
2025-04-25 15:07:26.249741,24.28,24.53
2025-04-25 15:07:27.048608,24.28,24.48
2025-04-25 15:07:56.055749,24.23,24.43
2025-04-25 15:07:59.335726,24.28,24.48
2025-04-25 15:07:59.954788,24.23,24.43
2025-04-25 16:09:04.428828,23.88,24.08
2025-04-25 16:09:07.508111,23.83,24.03
2025-04-25 16:09:17.056592,23.88,24.08
2025-04-25 16:10:36.937706,23.83,24.08
2025-04-25 16:10:38.514246,23.83,24.03
2025-04-25 16:10:40.442110,23.83,24.08
2025-04-25 16:10:41.061862,23.83,24.03
2025-04-25 16:10:58.606023,23.88,24.08
2025-04-25 16:12:05.305285,23.83,24.03
2025-04-25 16:12:09.524680,23.88,24.08
2025-04-25 16:12:29.053171,23.83,24.03
2025-04-25 16:12:30.350144,23.83,24.08
2025-04-25 16:12:33.159125,23.83,24.03
2025-04-25 16:12:39.413022,23.88,24.08
2025-04-25 16:12:59.000246,23.83,24.03
2025-04-25 16:13:04.102239,23.88,24.08
2025-04-25 16:15:07.605665,23.83,24.03
2025-04-25 16:15:25.410745,23.88,24.08
2025-04-25 16:15:27.107133,23.83,24.03
2025-04-25 16:15:27.860565,23.88,24.08
2025-04-25 16:15:34.556166,23.83,24.03
2025-04-25 16:15:40.253782,23.83,24.08
2025-04-25 16:15:40.448084,23.83,24.03
2025-04-25 16:16:24.515469,23.83,24.08
2025-04-25 16:16:26.707219,23.83,24.03
2025-04-25 16:17:44.010554,23.88,24.08
2025-04-25 16:18:54.983591,23.83,24.08
2025-04-25 16:18:55.592517,23.83,24.03
2025-04-25 16:18:56.649850,23.83,24.08
2025-04-25 16:18:59.241642,23.83,24.03
2025-04-25 16:18:59.544690,23.88,24.08
2025-04-25 16:19:02.357535,23.83,24.08
2025-04-25 16:19:03.750061,23.88,24.08
2025-04-25 16:22:39.054083,23.78,23.98
2025-04-25 16:25:49.885341,23.73,23.93
2025-04-25 16:25:52.557544,23.78,23.98
2025-04-25 16:31:27.167965,23.73,23.98
2025-04-25 16:31:27.899991,23.78,23.98
2025-04-25 16:31:31.789662,23.73,23.93
2025-04-25 16:31:42.465277,23.78,23.98
2025-04-25 16:32:37.698439,23.73,23.93
2025-04-25 16:34:30.986975,23.78,23.98
2025-04-25 16:34:52.792551,23.73,23.93
2025-04-25 16:34:55.821448,23.73,23.98
2025-04-25 16:34:58.075818,23.73,23.93
2025-04-25 16:35:04.181620,23.78,23.98
2025-04-25 16:35:08.349604,23.73,23.93
2025-04-25 16:35:44.349772,23.68,23.88
2025-04-25 16:35:51.086778,23.73,23.93
2025-04-25 16:38:57.336400,23.78,23.98
2025-04-25 16:38:58.058887,23.73,23.93
2025-04-25 16:40:56.155845,23.68,23.88
2025-04-25 16:41:59.271843,23.73,23.93
2025-04-25 16:43:17.613480,23.68,23.88
2025-04-25 16:45:15.801100,23.73,23.93
2025-04-25 16:47:08.794430,23.78,23.98
2025-04-25 16:47:10.089495,23.73,23.98
2025-04-25 16:47:12.404249,23.73,23.93
2025-04-25 16:47:12.812934,23.78,23.98
2025-04-25 16:47:14.192758,23.73,23.93
2025-04-25 16:47:14.753557,23.78,23.98
2025-04-25 16:47:16.085380,23.73,23.93
2025-04-25 16:47:17.605357,23.78,23.98
2025-04-25 16:47:22.338569,23.78,23.98
2025-04-25 16:50:17.923534,23.78,23.98
2025-04-25 16:50:44.417519,23.73,23.98
2025-04-25 16:50:45.295834,23.73,23.93
2025-04-25 16:51:54.305415,23.78,23.98
2025-04-25 16:52:07.425763,23.73,23.93
2025-04-25 16:52:09.728972,23.78,23.98
2025-04-25 16:52:15.616430,23.73,23.98
2025-04-25 16:52:16.360598,23.73,23.93
2025-04-25 16:52:18.398586,23.78,23.98
2025-04-25 16:52:22.915208,23.73,23.93
2025-04-25 16:52:29.296760,23.78,23.98
2025-04-25 16:53:09.286470,23.73,23.98
2025-04-25 16:53:09.799969,23.73,23.93
2025-04-25 16:53:21.165762,23.78,23.98
2025-04-25 17:03:12.332776,23.88,24.08
2025-04-25 17:03:42.209047,23.88,24.08
2025-04-25 17:04:40.090388,23.83,24.03
2025-04-25 17:04:46.935728,23.88,24.08
2025-04-25 17:05:10.232065,23.83,24.03
2025-04-25 17:05:11.389751,23.88,24.08
2025-04-25 17:05:16.437240,23.83,24.03
2025-04-25 17:06:32.593961,23.78,23.98
2025-04-25 17:10:35.290512,23.73,23.93
2025-04-25 17:10:41.173579,23.78,23.98
2025-04-25 17:14:53.835305,23.73,23.93
2025-04-25 17:15:40.752548,23.73,23.98
2025-04-25 17:15:41.517163,23.78,23.98
2025-04-25 17:16:02.350278,23.73,23.93
2025-04-25 17:16:15.237689,23.78,23.98
2025-04-25 17:16:16.216608,23.73,23.93
2025-04-25 17:16:22.737146,23.78,23.98
2025-04-25 17:16:36.865302,23.73,23.93
2025-04-25 17:16:40.313697,23.78,23.98
2025-04-25 17:16:45.683990,23.73,23.93
2025-04-25 17:17:09.766805,23.78,23.98
2025-04-25 17:17:22.883015,23.73,23.93
2025-04-25 17:18:47.798239,23.78,23.98
2025-04-25 17:20:36.511644,23.73,23.93
2025-04-25 17:20:51.007660,23.78,23.98
2025-04-25 17:21:52.041172,23.83,24.03
2025-04-25 17:27:19.276163,23.78,23.98
2025-04-25 17:28:29.181387,23.83,24.03
2025-04-25 17:28:59.239782,23.78,23.98
2025-04-25 17:30:02.442360,23.83,24.03
2025-04-25 17:30:10.735165,23.78,23.98
2025-04-25 17:30:11.234671,23.78,24.03
2025-04-25 17:30:12.377172,23.83,24.03
2025-04-25 17:31:23.021602,23.78,23.98
2025-04-25 17:31:26.643551,23.83,24.03
2025-04-25 17:31:29.033746,23.78,23.98
2025-04-25 17:31:33.232636,23.83,24.03
2025-04-25 17:32:58.181139,23.78,23.98
2025-04-25 17:34:25.627202,23.83,24.03
2025-04-25 17:35:00.887281,23.78,23.98
2025-04-25 17:35:12.763261,23.83,24.03
2025-04-25 17:35:15.214244,23.78,24.03
2025-04-25 17:35:16.129363,23.83,24.03
2025-04-25 17:35:38.161297,23.78,23.98
2025-04-25 17:35:39.514116,23.83,24.03
2025-04-25 17:35:41.486341,23.78,23.98
2025-04-25 17:35:42.198347,23.83,24.03
2025-04-25 17:35:45.771269,23.78,23.98
2025-04-25 17:35:46.050404,23.83,24.03
2025-04-25 17:36:06.682435,23.78,23.98
2025-04-25 17:36:07.120812,23.83,24.03
2025-04-25 17:36:07.755718,23.78,23.98
2025-04-25 17:36:15.916222,23.78,24.03
2025-04-25 17:36:17.773185,23.83,24.03
2025-04-25 17:38:13.240302,23.88,24.13
2025-04-25 17:38:13.732673,23.88,24.08
2025-04-25 17:38:21.559179,23.93,24.13
2025-04-25 17:38:23.058967,23.88,24.13
2025-04-25 17:38:23.615303,23.88,24.08
2025-04-25 17:38:24.154619,23.93,24.13
2025-04-25 17:38:24.734853,23.88,24.13
2025-04-25 17:38:25.785814,23.93,24.13
2025-04-25 17:38:26.576624,23.88,24.08
2025-04-25 17:38:26.826133,23.93,24.13
2025-04-25 17:38:38.864556,23.98,24.18
2025-04-25 17:38:38.980991,23.93,24.13
2025-04-25 17:38:39.699747,23.98,24.18
2025-04-25 17:38:43.119745,23.93,24.13
2025-04-25 17:38:43.567196,23.98,24.18
2025-04-25 17:38:50.425217,23.93,24.13
2025-04-25 17:38:52.079038,23.98,24.18
2025-04-25 17:38:53.209904,23.93,24.13
2025-04-25 17:39:07.878129,23.98,24.18
2025-04-25 17:39:12.062150,23.93,24.13
2025-04-25 17:39:27.141884,23.98,24.18
2025-04-25 17:39:44.809406,24.03,24.23
2025-04-25 17:39:49.695293,23.98,24.18
2025-04-25 17:39:51.647327,24.03,24.23
2025-04-25 17:39:52.116697,23.98,24.23
2025-04-25 17:39:53.195205,23.98,24.18
2025-04-25 17:39:55.079588,23.98,24.23
2025-04-25 17:39:55.738869,24.03,24.23
2025-04-25 17:39:57.014143,23.98,24.18
2025-04-25 17:40:02.675644,23.98,24.23
2025-04-25 17:40:03.245154,23.98,24.18
2025-04-25 17:40:04.298036,24.03,24.23
2025-04-25 17:40:15.431911,23.98,24.18
2025-04-25 17:40:21.390597,24.03,24.23
2025-04-25 17:40:34.310902,23.98,24.23
2025-04-25 17:40:34.854970,24.03,24.23
2025-04-25 17:40:37.351454,23.98,24.18
2025-04-25 17:40:38.340314,24.03,24.23
2025-04-25 17:40:39.003428,23.98,24.23
2025-04-25 17:40:39.527329,23.98,24.18
2025-04-25 17:41:08.114477,23.93,24.18
2025-04-25 17:41:09.253313,23.93,24.13
2025-04-25 17:41:25.535526,23.88,24.08
2025-04-25 17:41:26.762821,23.93,24.13
2025-04-25 17:41:33.460795,23.88,24.08
2025-04-25 17:41:34.096006,23.93,24.13
2025-04-25 17:41:35.640716,23.88,24.08
2025-04-25 17:42:00.792242,23.93,24.13
2025-04-25 17:42:02.113102,23.88,24.08
2025-04-25 17:42:05.070251,23.93,24.13
2025-04-25 17:42:16.754141,23.93,24.18
2025-04-25 17:42:17.187456,23.98,24.18
2025-04-25 17:42:18.074556,23.93,24.18
2025-04-25 17:42:18.448755,23.93,24.13
2025-04-25 17:42:19.079466,23.98,24.18
2025-04-25 17:42:21.292952,23.93,24.18
2025-04-25 17:42:21.745323,23.98,24.18
2025-04-25 17:42:26.250588,23.93,24.18
2025-04-25 17:42:26.712962,23.98,24.18
2025-04-25 17:42:30.541011,23.93,24.13
2025-04-25 17:42:31.861625,23.98,24.18
2025-04-25 17:42:36.332175,23.93,24.13
2025-04-25 17:42:41.791208,23.98,24.18
2025-04-25 17:42:42.341708,23.93,24.13
2025-04-25 17:42:43.389465,23.98,24.18
2025-04-25 17:42:45.259977,23.93,24.13
2025-04-25 17:42:47.966838,23.93,24.18
2025-04-25 17:42:48.558814,23.98,24.18
2025-04-25 17:42:52.036281,23.93,24.13
2025-04-25 17:42:53.767632,23.98,24.18
2025-04-25 17:42:56.432002,23.93,24.13
2025-04-25 17:42:56.990128,23.93,24.18
2025-04-25 17:42:57.997965,23.93,24.13
2025-04-25 17:42:58.602538,23.98,24.18
2025-04-25 17:43:01.981868,23.93,24.18
2025-04-25 17:43:02.253791,23.98,24.18
2025-04-25 17:43:02.819224,23.93,24.13
2025-04-25 17:43:06.621457,23.93,24.18
2025-04-25 17:43:07.212626,23.98,24.18
2025-04-25 17:43:12.677469,23.93,24.13
2025-04-25 17:43:26.218528,23.98,24.18
2025-04-25 17:43:27.660125,23.93,24.13
2025-04-25 17:43:28.613094,23.98,24.18
2025-04-25 17:43:29.307316,23.93,24.18
2025-04-25 17:43:29.752242,23.98,24.18
2025-04-25 17:43:30.325296,23.93,24.18
2025-04-25 17:43:32.583718,23.98,24.18
2025-04-25 17:43:33.820793,23.93,24.13
2025-04-25 17:43:35.288649,23.93,24.18
2025-04-25 17:43:36.527450,23.98,24.18
2025-04-25 17:44:02.346511,23.93,24.13
2025-04-25 17:44:03.327827,23.98,24.18
2025-04-25 17:44:06.145751,23.93,24.13
2025-04-25 17:44:19.606599,23.93,24.18
2025-04-25 17:44:20.094704,23.98,24.18
2025-04-25 17:44:28.704870,23.93,24.18
2025-04-25 17:44:29.150607,23.93,24.13
2025-04-25 17:44:32.229907,23.93,24.18
2025-04-25 17:44:33.471329,23.93,24.13
2025-04-25 17:45:14.062795,23.88,24.08
2025-04-25 17:45:23.461635,23.93,24.13
2025-04-25 17:47:01.198632,23.98,24.18
2025-04-25 17:47:29.352010,23.93,24.13
2025-04-25 17:48:21.704191,23.93,24.18
2025-04-25 17:48:22.352763,23.93,24.13
2025-04-25 17:48:24.724709,23.98,24.18
2025-04-25 17:49:20.919836,23.93,24.13
2025-04-25 17:49:31.348430,23.98,24.18
2025-04-25 17:49:44.218159,24.03,24.23
2025-04-25 17:49:45.117459,23.98,24.18
2025-04-25 17:49:46.807902,23.98,24.23
2025-04-25 17:49:47.365741,23.98,24.18
2025-04-25 17:49:54.751866,23.93,24.13
2025-04-25 17:50:03.313623,23.98,24.18
2025-04-25 17:50:13.349267,23.98,24.23
2025-04-25 17:50:13.899638,24.03,24.23
2025-04-25 17:50:14.367507,23.98,24.23
2025-04-25 17:50:15.100023,24.03,24.23
2025-04-25 17:50:18.021632,23.98,24.18
2025-04-25 17:50:20.154748,24.03,24.23
2025-04-25 17:50:21.683576,23.98,24.18
2025-04-25 17:50:23.783251,24.03,24.23
2025-04-25 17:50:34.980329,23.98,24.18
2025-04-25 17:50:36.750477,24.03,24.23
2025-04-25 17:50:40.309028,23.98,24.23
2025-04-25 17:50:40.785489,23.98,24.18
2025-04-25 17:50:41.268054,23.98,24.23
2025-04-25 17:50:41.935430,23.98,24.18
2025-04-25 17:50:44.352859,24.03,24.23
2025-04-25 17:50:51.641023,23.98,24.18
2025-04-25 17:50:52.734669,23.98,24.23
2025-04-25 17:50:53.275114,24.03,24.23
2025-04-25 17:50:53.839660,23.98,24.18
2025-04-25 17:50:56.240392,24.03,24.23
2025-04-25 17:50:56.896160,23.98,24.18
2025-04-25 17:51:01.504364,24.03,24.23
2025-04-25 17:51:03.513890,23.98,24.18
2025-04-25 17:51:07.374285,24.03,24.23
2025-04-25 17:51:08.482760,23.98,24.23
2025-04-25 17:51:09.512837,23.98,24.18
2025-04-25 17:51:09.973414,24.03,24.23
2025-04-25 17:51:10.700997,23.98,24.18
2025-04-25 17:51:22.714228,23.98,24.23
2025-04-25 17:51:23.431109,24.03,24.23
2025-04-25 17:52:11.698297,24.08,24.28
2025-04-25 17:52:25.137953,24.08,24.33
2025-04-25 17:52:25.377198,24.13,24.33
2025-04-25 17:53:23.426901,24.08,24.28
2025-04-25 17:53:24.570047,24.13,24.33
2025-04-25 17:53:24.993046,24.08,24.28
2025-04-25 17:53:32.746614,24.08,24.33
2025-04-25 17:53:33.359194,24.08,24.28
2025-04-25 17:53:34.740158,24.13,24.33
2025-04-25 17:53:40.143916,24.08,24.28
2025-04-25 17:53:41.183509,24.13,24.33
2025-04-25 17:53:43.760063,24.08,24.28
2025-04-25 17:53:47.261093,24.08,24.33
2025-04-25 17:53:47.971532,24.08,24.28
2025-04-25 17:53:52.491219,24.08,24.33
2025-04-25 17:53:53.375380,24.08,24.28
2025-04-25 17:55:06.076985,24.03,24.23
2025-04-25 17:55:11.777038,24.08,24.28
2025-04-25 17:55:23.660605,24.03,24.23
2025-04-25 17:55:26.884424,24.08,24.28
2025-04-25 17:56:00.562066,24.13,24.33
2025-04-25 17:56:01.799397,24.08,24.28
2025-04-25 17:56:03.646600,24.13,24.33
2025-04-25 17:56:13.014774,24.18,24.38
2025-04-25 17:56:15.930044,24.13,24.33
2025-04-25 17:56:16.358347,24.18,24.38
2025-04-25 17:57:05.651446,24.23,24.43
2025-04-25 17:57:08.841799,24.18,24.38
2025-04-25 17:57:18.235955,24.23,24.43
2025-04-25 17:57:30.199343,24.18,24.43
2025-04-25 17:57:30.707850,24.23,24.43
2025-04-25 17:57:41.508475,24.18,24.38
2025-04-25 17:58:05.915987,24.23,24.43
2025-04-25 17:58:10.726594,24.18,24.43
2025-04-25 17:58:11.422528,24.23,24.43
2025-04-25 17:58:24.371179,24.18,24.38
2025-04-25 17:58:24.784712,24.23,24.43
2025-04-25 17:58:28.610017,24.18,24.38
2025-04-25 17:58:30.623098,24.23,24.43
2025-04-25 17:58:33.774529,24.18,24.38
2025-04-25 17:58:47.924194,24.13,24.33
2025-04-25 17:59:13.209456,24.08,24.28
2025-04-25 17:59:15.408791,24.13,24.33
2025-04-25 17:59:15.838768,24.08,24.28
2025-04-25 17:59:16.792195,24.13,24.33
2025-04-25 17:59:21.123251,24.08,24.33
2025-04-25 17:59:21.727048,24.08,24.28
2025-04-25 17:59:27.370238,24.13,24.33
2025-04-25 17:59:27.890120,24.08,24.33
2025-04-25 17:59:29.441026,24.08,24.28
2025-04-25 17:59:31.481869,24.13,24.33
2025-04-25 17:59:33.268429,24.08,24.28
2025-04-25 18:00:33.494733,24.13,24.33
2025-04-25 18:00:34.232996,24.08,24.28
2025-04-25 18:00:35.840568,24.13,24.33
2025-04-25 18:00:36.446713,24.08,24.33
2025-04-25 18:00:37.594442,24.08,24.28
2025-04-25 18:00:38.333373,24.08,24.33
2025-04-25 18:00:39.129688,24.13,24.33
2025-04-25 18:00:42.676673,24.08,24.28
2025-04-25 18:00:45.128112,24.13,24.33
2025-04-25 18:00:47.197694,24.08,24.28
2025-04-25 18:00:48.354268,24.08,24.33
2025-04-25 18:00:48.860232,24.13,24.33
2025-04-25 18:00:49.308553,24.08,24.33
2025-04-25 18:00:49.547726,24.13,24.33
2025-04-25 18:00:57.373205,24.08,24.28
2025-04-25 18:01:00.361376,24.13,24.33
2025-04-25 18:01:03.113945,24.08,24.33
2025-04-25 18:01:03.592600,24.13,24.33
2025-04-25 18:01:20.135400,24.08,24.28
2025-04-25 18:01:20.582982,24.13,24.33
2025-04-25 18:01:22.723696,24.08,24.33
2025-04-25 18:01:23.433567,24.08,24.28
2025-04-25 18:01:24.447680,24.13,24.33
2025-04-25 18:01:32.524827,24.08,24.33
2025-04-25 18:01:34.066021,24.13,24.33
2025-04-25 18:01:34.699501,24.08,24.33
2025-04-25 18:01:36.161004,24.08,24.28
2025-04-25 18:02:28.187488,24.03,24.23
2025-04-25 18:02:35.386832,24.08,24.28
2025-04-25 18:02:40.351297,24.03,24.23
2025-04-25 18:02:43.353474,24.08,24.28
2025-04-25 18:02:44.096458,24.03,24.23
2025-04-25 18:03:29.572743,23.98,24.18
2025-04-25 18:04:22.529636,24.03,24.23
2025-04-25 18:05:06.353445,23.98,24.18
2025-04-25 18:05:07.290596,24.03,24.23
2025-04-25 18:05:12.082738,23.98,24.18
2025-04-25 18:05:35.185743,23.93,24.13
2025-04-25 18:05:35.722958,23.98,24.18
2025-04-25 18:05:40.870808,23.93,24.13
2025-04-25 18:05:45.303542,23.98,24.18
2025-04-25 18:05:46.024688,23.93,24.18
2025-04-25 18:05:47.194465,23.98,24.18
2025-04-25 18:06:02.017424,23.93,24.13
2025-04-25 18:06:31.994877,23.98,24.18
2025-04-25 18:06:32.686202,23.93,24.18
2025-04-25 18:06:35.295933,23.93,24.13
2025-04-25 18:06:38.860299,23.93,24.13
2025-04-25 18:17:51.030835,23.73,23.93
2025-04-25 18:20:01.856812,23.68,23.88
2025-04-25 18:20:13.215392,23.73,23.93
2025-04-25 18:20:13.492860,23.68,23.88
2025-04-25 18:20:16.562285,23.73,23.93
2025-04-25 18:21:05.594969,23.68,23.88
2025-04-25 18:22:02.003088,23.63,23.83
2025-04-25 18:22:02.114845,23.68,23.88
2025-04-25 18:22:03.970663,23.63,23.83
2025-04-25 18:22:14.531089,23.68,23.88
2025-04-25 18:22:23.744037,23.63,23.83
2025-04-25 18:22:44.273877,23.68,23.88
2025-04-25 18:24:19.510067,23.63,23.83
2025-04-25 18:24:21.981894,23.68,23.88
2025-04-25 18:26:15.707863,23.73,23.93
2025-04-25 18:26:45.994444,23.68,23.93
2025-04-25 18:26:47.411377,23.73,23.93
2025-04-25 18:26:51.075839,23.68,23.93
2025-04-25 18:26:51.913458,23.73,23.93
2025-04-25 18:26:52.607114,23.68,23.88
2025-04-25 18:27:21.862507,23.73,23.93
2025-04-25 18:28:20.738847,23.68,23.88
2025-04-25 18:30:03.269806,23.73,23.93
2025-04-25 18:30:05.732981,23.68,23.88
2025-04-25 18:31:43.448823,23.73,23.93
2025-04-25 18:31:43.989777,23.68,23.93
2025-04-25 18:31:44.756370,23.73,23.93
2025-04-25 18:31:45.664637,23.68,23.88
2025-04-25 18:31:46.276765,23.73,23.93
2025-04-25 18:31:48.017289,23.68,23.88
2025-04-25 18:35:29.831638,23.63,23.83
2025-04-25 18:35:59.413556,23.68,23.88
2025-04-25 18:38:13.352375,23.63,23.83
2025-04-25 18:38:13.418595,23.68,23.88
2025-04-25 18:39:53.795913,23.63,23.83
2025-04-25 18:43:59.124334,23.58,23.78
2025-04-25 18:44:01.225078,23.63,23.83
2025-04-25 18:48:12.015244,23.68,23.88
2025-04-25 18:48:12.826388,23.63,23.83
2025-04-25 18:48:17.999217,23.63,23.88
2025-04-25 18:48:18.190491,23.68,23.88
2025-04-25 18:48:24.081405,23.63,23.88
2025-04-25 18:48:25.595755,23.63,23.83
2025-04-25 18:48:27.432022,23.63,23.88
2025-04-25 18:48:28.455646,23.63,23.83
2025-04-25 18:48:30.862263,23.68,23.88
2025-04-25 18:48:33.361130,23.63,23.88
2025-04-25 18:48:34.286612,23.63,23.83
2025-04-25 18:48:37.855412,23.68,23.88
2025-04-25 18:49:53.222109,23.63,23.83
2025-04-25 18:49:53.681583,23.68,23.88
2025-04-25 18:51:08.547461,23.68,23.93
2025-04-25 18:51:09.094016,23.73,23.93
2025-04-25 18:52:46.126573,23.78,23.98
2025-04-25 18:53:34.858821,23.73,23.93
2025-04-25 18:53:49.511759,23.68,23.88
2025-04-25 18:53:51.464585,23.68,23.88
2025-04-25 18:55:28.994646,23.73,23.93
2025-04-25 18:55:31.853973,23.68,23.88
2025-04-25 18:55:36.526615,23.73,23.93
2025-04-25 18:55:38.267405,23.68,23.88
2025-04-25 18:56:13.213484,23.73,23.93
2025-04-25 18:56:13.811395,23.68,23.93
2025-04-25 18:56:14.918636,23.73,23.93
2025-04-25 18:56:16.237668,23.68,23.88
2025-04-25 18:56:25.419498,23.73,23.93
2025-04-25 18:57:04.372157,23.68,23.88
2025-04-25 18:57:08.202689,23.68,23.93
2025-04-25 18:57:08.786599,23.73,23.93
2025-04-25 18:58:03.378276,23.68,23.88
2025-04-25 18:58:03.582873,23.68,23.93
2025-04-25 18:58:04.218510,23.73,23.93
2025-04-25 18:58:05.178023,23.68,23.93
2025-04-25 18:58:05.627920,23.73,23.93
2025-04-25 18:58:06.911209,23.68,23.88
2025-04-25 18:58:18.748429,23.73,23.93
2025-04-25 18:58:20.709188,23.68,23.88
2025-04-25 18:59:42.500221,23.73,23.93
2025-04-25 18:59:42.973783,23.68,23.88
2025-04-25 18:59:57.199393,23.68,23.93
2025-04-25 18:59:57.660092,23.68,23.88
2025-04-25 18:59:59.538229,23.68,23.93
2025-04-25 19:00:00.211020,23.73,23.93
2025-04-25 19:00:00.686799,23.68,23.88
2025-04-25 19:00:02.877123,23.73,23.93
2025-04-25 19:00:11.652664,23.68,23.93
2025-04-25 19:00:12.324433,23.73,23.93
2025-04-25 19:00:13.339114,23.68,23.88
2025-04-25 19:00:37.846394,23.73,23.93
2025-04-25 19:00:50.722415,23.68,23.88
2025-04-25 19:02:53.766900,23.68,23.88
2025-04-25 19:04:04.468890,23.63,23.83
2025-04-25 19:04:52.134568,23.68,23.88
2025-04-25 19:05:10.241122,23.63,23.83
2025-04-25 19:08:12.132431,23.68,23.88
2025-04-25 19:08:45.803854,23.63,23.88
2025-04-25 19:08:46.135257,23.68,23.88
2025-04-25 19:08:58.012454,23.63,23.83
2025-04-25 19:09:00.637120,23.63,23.88
2025-04-25 19:09:01.095462,23.68,23.88
2025-04-25 19:09:14.007959,23.63,23.83
2025-04-25 19:09:15.373714,23.63,23.88
2025-04-25 19:09:22.034703,23.68,23.88
2025-04-25 19:09:23.736702,23.63,23.83
2025-04-25 19:11:41.616897,23.68,23.88
2025-04-25 19:13:14.856482,23.73,23.93
2025-04-25 19:13:19.288246,23.68,23.93
2025-04-25 19:13:19.497879,23.73,23.93
2025-04-25 19:14:10.965829,23.68,23.88
2025-04-25 19:14:37.566147,23.73,23.93
2025-04-25 19:14:47.947037,23.68,23.93
2025-04-25 19:14:48.513677,23.73,23.93
2025-04-25 19:14:53.296891,23.68,23.88
2025-04-25 19:15:29.806829,23.68,23.93
2025-04-25 19:15:30.835814,23.73,23.93
2025-04-25 19:16:12.243986,23.68,23.88
2025-04-25 19:16:17.845833,23.73,23.93
2025-04-25 19:16:18.338811,23.68,23.88
2025-04-25 19:17:06.328148,23.63,23.83
2025-04-25 19:17:11.964433,23.63,23.88
2025-04-25 19:17:13.597865,23.63,23.83
2025-04-25 19:17:14.028860,23.63,23.88
2025-04-25 19:17:15.427492,23.63,23.83
2025-04-25 19:17:54.691359,23.68,23.88
2025-04-25 19:19:18.451717,23.63,23.83
2025-04-25 19:19:26.064296,23.68,23.88
2025-04-25 19:21:36.387232,23.63,23.83
2025-04-25 19:22:42.018866,23.68,23.88
2025-04-25 19:22:51.898063,23.63,23.83
2025-04-25 19:26:01.522262,23.68,23.88
2025-04-25 19:26:02.114508,23.63,23.83
2025-04-25 19:28:11.368430,23.68,23.88
2025-04-25 19:28:26.549079,23.63,23.83
2025-04-25 19:28:28.278724,23.68,23.88
2025-04-25 19:28:31.780265,23.63,23.83
2025-04-25 19:28:33.086153,23.68,23.88
2025-04-25 19:28:33.702601,23.63,23.83
2025-04-25 19:28:36.380212,23.68,23.88
2025-04-25 19:28:51.478941,23.63,23.88
2025-04-25 19:28:52.714413,23.63,23.83
2025-04-25 19:28:53.732999,23.63,23.88
2025-04-25 19:28:54.248556,23.63,23.83
2025-04-25 19:28:57.131219,23.63,23.88
2025-04-25 19:28:57.729865,23.63,23.83
2025-04-25 19:28:59.530757,23.63,23.88
2025-04-25 19:29:01.699775,23.63,23.83
2025-04-25 19:37:12.440772,23.73,23.93
2025-04-25 19:37:14.004671,23.68,23.88
2025-04-25 19:37:34.247028,23.68,23.88
2025-05-26 23:31:32.545469,20.83,21.03
2025-05-27 00:01:01.339756,20.88,21.08
2025-05-27 00:02:16.940324,20.83,21.08
2025-05-27 00:02:24.753117,20.83,21.03
2025-05-27 00:03:10.535844,20.83,21.08
2025-05-27 00:03:12.509213,20.88,21.08
2025-05-27 00:03:27.453095,20.83,21.08
2025-05-27 00:03:31.405045,20.83,21.03
2025-05-27 00:04:03.094444,20.88,21.08
2025-05-27 00:08:30.247871,20.88,21.13
2025-05-27 00:08:35.766553,20.93,21.13
2025-05-27 00:18:12.742577,20.88,21.13
2025-05-27 00:18:24.508348,20.88,21.08
2025-05-27 00:20:52.181965,20.93,21.13
2025-05-27 00:22:27.444422,20.98,21.18
2025-05-27 00:24:32.837066,20.93,21.18
2025-05-27 00:24:37.974327,20.93,21.13
2025-05-27 00:24:38.526185,20.98,21.18
2025-05-27 00:25:15.515953,20.93,21.18
2025-05-27 00:25:16.374185,20.93,21.13
2025-05-27 00:25:26.261808,20.93,21.18
2025-05-27 00:25:26.497476,20.98,21.18
2025-05-27 00:25:39.818746,20.93,21.18
2025-05-27 00:25:45.849638,20.98,21.18
2025-05-27 00:25:55.565327,20.93,21.18
2025-05-27 00:26:22.350602,20.98,21.18
2025-05-27 00:26:54.336745,20.93,21.18
2025-05-27 00:27:10.874127,20.98,21.18
2025-05-27 00:27:13.818376,20.93,21.18
2025-05-27 00:27:15.328697,20.93,21.13
2025-05-27 00:38:39.977487,20.88,21.08
2025-05-27 00:39:26.213426,20.93,21.13
2025-05-27 00:46:03.594421,20.88,21.13
2025-05-27 00:46:09.304812,20.88,21.08
2025-05-27 00:51:32.096932,20.83,21.03
2025-05-27 01:01:07.015626,20.88,21.08
2025-05-27 01:01:14.332593,20.83,21.08
2025-05-27 01:01:15.221274,20.88,21.08
2025-05-27 01:01:17.111673,20.83,21.08
2025-05-27 01:01:22.194839,20.83,21.03
2025-05-27 01:01:30.428920,20.83,21.08
2025-05-27 01:02:00.354500,20.88,21.08
2025-05-27 01:02:46.654788,20.83,21.08
2025-05-27 01:02:47.854839,20.88,21.08
2025-05-27 01:04:20.349068,20.88,21.13
2025-05-27 01:04:21.686806,20.88,21.08
2025-05-27 01:04:26.705822,20.88,21.13
2025-05-27 01:04:27.957018,20.88,21.08
2025-05-27 01:04:57.392917,20.88,21.13
2025-05-27 01:05:06.969715,20.88,21.08
2025-05-27 01:07:23.353810,20.93,21.13
2025-05-27 01:21:55.269233,20.98,21.18
2025-05-27 01:22:35.778862,20.93,21.13
2025-05-27 01:22:37.299366,20.93,21.18
2025-05-27 01:22:40.328681,20.98,21.18
2025-05-27 01:24:24.057303,20.93,21.18
2025-05-27 01:24:44.676917,20.93,21.13
2025-05-27 01:27:45.719006,20.98,21.18
2025-05-27 01:27:47.072142,20.93,21.18
2025-05-27 01:27:47.640963,20.93,21.13
2025-05-27 01:27:51.441537,20.93,21.18
2025-05-27 01:28:02.552358,20.93,21.13
2025-05-27 01:35:07.486008,20.98,21.18
2025-05-27 01:59:43.880690,20.93,21.18
2025-05-27 01:59:44.428630,20.98,21.18
2025-05-27 02:01:54.530200,20.93,21.18
2025-05-27 02:02:19.047811,20.93,21.13
2025-05-27 02:05:01.721149,20.98,21.18
2025-05-27 02:08:32.443169,20.93,21.13
2025-05-27 02:09:42.989450,20.98,21.18
2025-05-27 02:24:09.036165,20.93,21.18
2025-05-27 02:24:11.559929,20.93,21.13
2025-05-27 02:24:15.459582,20.93,21.18
2025-05-27 02:24:27.967088,20.93,21.13
2025-05-27 03:36:26.698477,20.88,21.08
2025-05-27 03:39:01.741341,20.93,21.13
2025-05-27 03:45:59.091833,20.98,21.18
2025-05-27 03:49:02.063384,20.93,21.13
2025-05-27 03:57:12.563978,20.93,21.18
2025-05-27 03:57:22.324888,20.98,21.18
2025-05-27 03:58:02.811376,20.93,21.18
2025-05-27 03:58:12.226969,20.93,21.13
2025-05-27 03:58:22.786720,20.98,21.18
2025-05-27 04:01:49.802713,20.93,21.18
2025-05-27 04:02:43.017012,20.93,21.13
2025-05-27 05:20:38.430590,20.88,21.13
2025-05-27 05:20:49.746745,20.93,21.13
2025-05-27 05:20:54.610648,20.88,21.08
2025-05-27 05:27:04.514052,20.83,21.08
2025-05-27 05:27:05.312345,20.83,21.03
2025-05-27 05:36:42.072924,20.78,21.03
2025-05-27 05:36:44.960341,20.83,21.03
2025-05-27 05:37:31.488836,20.78,21.03
2025-05-27 05:38:19.612057,20.78,20.98
2025-05-27 05:42:23.469044,20.73,20.93
2025-05-27 05:42:29.499137,20.73,20.98
2025-05-27 05:42:30.056929,20.73,20.93
2025-05-27 05:44:09.697084,20.78,20.98
2025-05-27 05:44:12.530728,20.73,20.98
2025-05-27 05:44:27.339018,20.73,20.93
2025-05-27 05:50:47.323083,20.73,20.98
2025-05-27 05:50:49.989282,20.73,20.93
2025-05-27 05:51:09.009303,20.73,20.98
2025-05-27 05:51:24.872106,20.73,20.93
2025-05-27 05:51:37.935121,20.73,20.98
2025-05-27 05:51:40.608907,20.78,20.98
2025-05-27 05:55:08.717217,20.73,20.93
2025-05-27 05:55:10.791101,20.73,20.98
2025-05-27 05:55:12.385633,20.73,20.93
2025-05-27 05:55:54.906806,20.73,20.98
2025-05-27 05:56:25.669201,20.78,20.98
2025-05-27 05:58:24.765592,20.73,20.98
2025-05-27 05:58:36.711089,20.78,20.98
2025-05-27 06:00:20.638121,20.73,20.98
2025-05-27 06:00:22.364551,20.73,20.93
2025-05-27 06:10:58.677163,20.68,20.88
2025-05-27 06:18:24.524335,20.63,20.83
2025-05-27 06:21:36.549577,20.58,20.83
2025-05-27 06:21:38.437551,20.58,20.78
2025-05-27 06:32:00.090040,20.63,20.83
2025-05-27 06:32:13.265733,20.58,20.83
2025-05-27 06:32:18.948918,20.58,20.78
2025-05-27 06:34:53.738966,20.53,20.73
2025-05-27 06:37:57.393165,20.48,20.73
2025-05-27 06:38:00.704899,20.53,20.73
2025-05-27 06:38:29.224097,20.48,20.73
2025-05-27 06:38:30.206978,20.53,20.73
2025-05-27 06:39:37.281903,20.48,20.73
2025-05-27 06:39:43.879153,20.53,20.73
2025-05-27 06:52:24.629202,20.48,20.68
2025-05-27 06:59:40.346768,20.48,20.73
2025-05-27 06:59:41.255142,20.53,20.73
2025-05-27 06:59:46.258596,20.48,20.68
2025-05-27 07:01:26.050747,20.48,20.73
2025-05-27 07:01:28.325748,20.53,20.73
2025-05-27 07:01:40.725110,20.48,20.73
2025-05-27 07:01:46.216139,20.48,20.68
2025-05-27 07:01:56.080576,20.48,20.73
2025-05-27 07:02:00.507904,20.53,20.73
2025-05-27 07:02:39.770946,20.48,20.73
2025-05-27 07:02:40.646600,20.53,20.73
2025-05-27 07:02:58.072080,20.48,20.68
2025-05-27 07:02:59.102044,20.53,20.73
2025-05-27 07:03:05.797648,20.48,20.73
2025-05-27 07:03:06.468577,20.53,20.73
2025-05-27 07:03:08.892418,20.48,20.73
2025-05-27 07:03:11.729273,20.53,20.73
2025-05-27 07:03:46.301642,20.48,20.73
2025-05-27 07:03:47.009477,20.48,20.68
2025-05-27 07:09:54.301923,20.48,20.73
2025-05-27 07:09:58.468511,20.48,20.68
2025-05-27 07:10:39.400696,20.48,20.73
2025-05-27 07:10:40.402275,20.48,20.68
2025-05-27 07:11:05.269838,20.48,20.73
2025-05-27 07:11:06.006096,20.53,20.73
2025-05-27 07:11:53.660828,20.48,20.68
2025-05-27 07:12:28.417473,20.53,20.73
2025-05-27 07:14:07.489899,20.48,20.73
2025-05-27 07:14:07.977344,20.53,20.73
2025-05-27 07:14:25.782662,20.48,20.68
2025-05-27 07:22:23.604570,20.43,20.68
2025-05-27 07:22:26.781444,20.43,20.63
2025-05-27 07:22:36.702616,20.43,20.68
2025-05-27 07:22:37.835772,20.48,20.68
2025-05-27 07:22:40.867824,20.43,20.63
2025-06-18 16:55:03.574311,20.83,21.03
2025-06-18 16:56:54.656635,20.83,21.03
