timestamp,bid,ask
2025-12-15 07:44:59.388069,3083.6,3085.4
2025-12-15 07:45:00.029167,3081.6,3085.3
2025-12-15 07:45:03.147393,3081.6,3084.3
2025-12-15 07:45:04.469598,3081.6,3083.4
2025-12-15 07:45:05.888895,3080.6,3083.3
2025-12-15 07:45:08.917136,3079.6,3082.3
2025-12-15 07:45:14.176768,3078.6,3082.3
2025-12-15 07:45:16.998213,3079.6,3081.4
2025-12-15 07:45:17.626701,3079.6,3082.3
2025-12-15 07:45:20.198482,3080.6,3082.4
2025-12-15 07:45:29.117016,3080.6,3083.3
2025-12-15 07:45:36.758645,3081.6,3083.4
2025-12-15 07:45:41.365773,3080.6,3082.4
2025-12-15 07:45:41.640233,3080.6,3083.3
2025-12-15 07:45:48.618347,3080.6,3082.4
2025-12-15 07:45:49.550669,3079.6,3082.3
2025-12-15 07:45:55.216267,3078.6,3081.3
2025-12-15 07:45:55.664709,3078.6,3080.4
2025-12-15 07:45:56.893442,3078.6,3081.3
2025-12-15 07:45:57.308857,3079.6,3081.4
2025-12-15 07:45:57.587540,3078.6,3081.3
2025-12-15 07:46:01.365005,3077.6,3081.3
2025-12-15 07:46:06.376313,3078.6,3080.4
2025-12-15 07:46:08.862156,3079.6,3081.4
2025-12-15 07:46:13.943656,3078.6,3080.4
2025-12-15 07:46:44.357146,3077.6,3080.3
2025-12-15 07:46:52.316719,3076.6,3079.3
2025-12-15 07:46:52.790677,3077.6,3079.4
2025-12-15 07:46:57.243565,3076.6,3079.3
2025-12-15 07:47:00.729164,3077.6,3079.4
2025-12-15 07:47:07.376932,3076.6,3079.3
2025-12-15 07:47:08.791444,3077.6,3079.4
2025-12-15 07:47:09.499448,3076.6,3079.3
2025-12-15 07:47:17.551307,3077.6,3079.4
2025-12-15 07:47:19.356258,3076.6,3078.4
2025-12-15 07:47:27.571904,3075.6,3078.3
2025-12-15 07:47:45.227446,3076.6,3078.4
2025-12-15 07:47:45.542721,3075.6,3077.4
2025-12-15 07:48:13.037435,3075.6,3078.3
2025-12-15 07:48:31.848222,3075.6,3077.4
2025-12-15 07:48:35.852438,3074.6,3077.3
2025-12-15 07:48:40.034156,3074.6,3076.4
2025-12-15 07:48:57.776009,3074.6,3077.3
2025-12-15 07:49:07.088232,3075.6,3077.4
2025-12-15 07:49:18.488912,3076.6,3078.4
2025-12-15 07:50:10.502591,3076.6,3079.3
2025-12-15 07:50:18.363403,3077.6,3079.4
2025-12-15 07:50:19.231159,3078.6,3080.4
2025-12-15 07:50:54.430368,3078.6,3081.3
2025-12-15 07:50:58.494246,3078.6,3080.4
2025-12-15 07:51:12.707578,3077.6,3079.4
2025-12-15 07:52:02.288545,3077.6,3080.3
2025-12-15 07:52:09.497934,3078.6,3080.4
2025-12-15 07:52:44.327305,3078.6,3081.3
2025-12-15 07:52:55.990126,3079.6,3082.3
2025-12-15 07:53:01.345140,3080.6,3083.3
2025-12-15 07:53:06.362699,3081.6,3084.3
2025-12-15 07:53:20.270840,3081.6,3083.4
2025-12-15 07:53:35.340996,3081.6,3084.3
2025-12-15 07:53:36.090929,3081.6,3085.3
2025-12-15 07:53:52.181079,3082.6,3085.3
2025-12-15 07:53:53.131906,3082.6,3084.4
2025-12-15 07:54:02.677723,3082.6,3085.3
2025-12-15 07:54:08.735021,3082.6,3084.4
2025-12-15 07:55:09.826034,3081.6,3083.4
2025-12-15 07:55:21.804966,3080.6,3082.4
2025-12-15 07:55:40.326727,3079.6,3081.4
2025-12-15 07:55:41.806146,3079.6,3082.3
2025-12-15 07:55:46.685513,3079.6,3081.4
2025-12-15 07:55:47.797362,3079.6,3082.3
2025-12-15 07:56:40.693237,3080.6,3083.3
2025-12-15 07:56:42.914995,3080.6,3082.4
2025-12-15 07:56:56.470658,3080.6,3083.3
2025-12-15 07:57:03.868024,3080.6,3082.4
2025-12-15 07:57:18.092540,3079.6,3081.4
2025-12-15 07:57:41.731243,3078.6,3080.4
2025-12-15 07:57:43.275445,3077.6,3079.4
2025-12-15 07:57:48.175503,3077.6,3080.3
2025-12-15 07:57:54.376725,3077.6,3081.3
2025-12-15 07:57:57.114622,3078.6,3080.4
2025-12-15 07:57:58.371860,3077.6,3080.3
2025-12-15 07:58:00.458921,3078.6,3080.4
2025-12-15 07:58:06.207057,3077.6,3080.3
2025-12-15 07:58:06.844544,3077.6,3079.4
2025-12-15 07:58:13.476513,3076.6,3079.3
2025-12-15 07:58:36.921127,3075.6,3078.3
2025-12-15 07:58:42.215839,3074.6,3077.3
2025-12-15 07:58:42.812902,3073.6,3076.3
2025-12-15 07:58:43.830147,3072.6,3075.3
2025-12-15 07:58:44.334689,3072.6,3074.4
2025-12-15 07:58:44.865331,3072.6,3075.3
2025-12-15 07:58:46.491328,3073.6,3075.4
2025-12-15 07:58:46.704884,3072.6,3075.3
2025-12-15 07:58:47.172560,3073.6,3075.4
2025-12-15 07:59:11.975871,3074.6,3077.3
2025-12-15 07:59:30.567644,3074.6,3076.4
2025-12-15 07:59:31.065559,3075.6,3077.4
2025-12-15 07:59:31.794428,3074.6,3076.4
2025-12-15 07:59:33.833528,3075.6,3077.4
2025-12-15 07:59:41.210324,3074.6,3077.3
2025-12-15 07:59:42.110970,3074.6,3076.4
2025-12-15 07:59:50.098078,3075.6,3077.4
2025-12-15 07:59:55.964792,3074.6,3077.3
2025-12-15 07:59:58.670748,3074.6,3076.4
2025-12-15 07:59:59.891519,3073.6,3075.4
2025-12-15 08:00:00.898316,3074.6,3077.3
2025-12-15 08:00:01.379088,3073.6,3075.4
2025-12-15 08:00:02.175821,3072.6,3074.4
2025-12-15 08:00:02.898107,3072.6,3075.3
2025-12-15 08:00:02.977700,3073.6,3075.4
2025-12-15 08:00:03.742751,3072.6,3075.3
2025-12-15 08:00:04.968732,3073.6,3075.4
2025-12-15 08:00:06.705323,3074.6,3076.4
2025-12-15 08:00:11.326804,3074.6,3077.3
2025-12-15 08:00:12.810567,3075.6,3078.3
2025-12-15 08:00:13.692096,3074.6,3077.3
2025-12-15 08:00:17.476168,3072.6,3075.3
2025-12-15 08:00:20.967101,3074.6,3076.4
2025-12-15 08:00:25.795343,3075.6,3077.4
2025-12-15 08:00:26.368222,3075.6,3078.3
2025-12-15 08:00:26.972696,3076.6,3078.4
2025-12-15 08:00:28.350077,3076.6,3079.3
2025-12-15 08:00:29.203530,3077.6,3080.3
2025-12-15 08:00:29.765360,3078.6,3081.3
2025-12-15 08:00:31.151367,3079.6,3081.4
2025-12-15 08:00:33.630031,3079.6,3082.3
2025-12-15 08:00:37.872322,3079.6,3081.4
2025-12-15 08:00:40.133067,3079.6,3082.3
2025-12-15 08:00:45.504650,3078.6,3081.3
2025-12-15 08:00:50.996632,3080.6,3082.4
2025-12-15 08:00:52.065946,3080.6,3083.3
2025-12-15 08:00:53.158946,3080.6,3082.4
2025-12-15 08:00:53.533930,3079.6,3081.4
2025-12-15 08:00:55.414994,3079.6,3083.3
2025-12-15 08:00:56.032343,3078.6,3082.3
2025-12-15 08:00:58.814364,3079.6,3081.4
2025-12-15 08:01:01.259111,3079.6,3082.3
2025-12-15 08:01:02.387346,3078.6,3081.3
2025-12-15 08:01:03.228972,3080.6,3082.4
2025-12-15 08:01:04.142329,3079.6,3083.3
2025-12-15 08:01:05.384181,3079.6,3082.3
2025-12-15 08:01:05.861236,3080.6,3083.3
2025-12-15 08:01:07.259874,3081.6,3084.3
2025-12-15 08:01:08.145035,3080.6,3083.3
2025-12-15 08:01:08.808172,3081.6,3083.4
2025-12-15 08:01:10.822048,3081.6,3084.3
2025-12-15 08:01:13.119265,3080.6,3084.3
2025-12-15 08:01:13.737125,3080.6,3082.4
2025-12-15 08:01:15.262984,3079.6,3082.3
2025-12-15 08:01:19.670892,3078.6,3081.3
2025-12-15 08:01:21.092989,3079.6,3081.4
2025-12-15 08:01:22.856923,3078.6,3081.3
2025-12-15 08:01:23.643944,3077.6,3080.3
2025-12-15 08:01:24.602757,3077.6,3079.4
2025-12-15 08:01:32.053839,3076.6,3078.4
2025-12-15 08:01:32.980005,3075.6,3078.3
2025-12-15 08:01:34.404641,3075.6,3077.4
2025-12-15 08:01:35.380111,3075.6,3078.3
2025-12-15 08:01:37.268862,3076.6,3079.3
2025-12-15 08:01:39.029496,3077.6,3079.4
2025-12-15 08:01:42.578291,3076.6,3078.4
2025-12-15 08:01:55.165316,3076.6,3079.3
2025-12-15 08:01:56.140792,3076.6,3078.4
2025-12-15 08:01:56.683175,3075.6,3079.3
2025-12-15 08:02:05.869320,3075.6,3078.3
2025-12-15 08:02:06.564043,3074.6,3076.4
2025-12-15 08:02:07.628437,3075.6,3078.3
2025-12-15 08:02:09.722937,3076.6,3078.4
2025-12-15 08:02:11.206822,3076.6,3079.3
2025-12-15 08:02:12.448778,3077.6,3080.3
2025-12-15 08:02:20.915725,3078.6,3080.4
2025-12-15 08:02:21.176183,3079.6,3082.3
2025-12-15 08:02:21.518421,3079.6,3081.4
2025-12-15 08:02:24.261713,3079.6,3082.3
2025-12-15 08:02:27.317311,3079.6,3081.4
2025-12-15 08:02:32.038751,3078.6,3081.3
2025-12-15 08:02:32.750300,3078.6,3080.4
2025-12-15 08:02:34.980090,3077.6,3080.3
2025-12-15 08:02:36.067053,3078.6,3080.4
2025-12-15 08:02:36.766329,3077.6,3079.4
2025-12-15 08:02:38.012143,3076.6,3079.3
2025-12-15 08:02:42.150697,3076.6,3078.4
2025-12-15 08:02:42.802372,3077.6,3080.3
2025-12-15 08:02:50.717707,3076.6,3079.3
2025-12-15 08:02:51.842402,3077.6,3080.3
2025-12-15 08:02:58.296708,3077.6,3079.4
2025-12-15 08:03:02.460220,3076.6,3079.3
2025-12-15 08:03:15.876926,3075.6,3078.3
2025-12-15 08:03:16.528321,3075.6,3077.4
2025-12-15 08:03:21.561716,3075.6,3078.3
2025-12-15 08:03:26.113978,3076.6,3079.3
2025-12-15 08:03:26.453238,3076.6,3078.4
2025-12-15 08:03:30.637175,3075.6,3078.3
2025-12-15 08:03:40.817429,3076.6,3079.3
2025-12-15 08:03:44.994854,3078.6,3080.4
2025-12-15 08:03:53.723446,3077.6,3080.3
2025-12-15 08:03:56.976002,3077.6,3079.4
2025-12-15 08:03:59.819792,3078.6,3080.4
2025-12-15 08:04:02.249337,3079.6,3081.4
2025-12-15 08:04:05.816310,3078.6,3081.3
2025-12-15 08:04:10.445828,3079.6,3082.3
2025-12-15 08:04:11.112274,3080.6,3082.4
2025-12-15 08:04:12.640172,3080.6,3083.3
2025-12-15 08:04:12.984395,3081.6,3083.4
2025-12-15 08:04:21.310333,3080.6,3083.3
2025-12-15 08:04:25.301992,3081.6,3083.4
2025-12-15 08:04:25.487316,3081.6,3084.3
2025-12-15 08:04:26.079425,3082.6,3085.3
2025-12-15 08:04:30.510502,3082.6,3084.4
2025-12-15 08:04:33.991500,3081.6,3084.3
2025-12-15 08:04:34.376216,3082.6,3084.4
2025-12-15 08:04:38.088593,3081.6,3084.3
2025-12-15 08:04:42.880730,3080.6,3082.4
2025-12-15 08:04:46.175625,3082.6,3084.4
2025-12-15 08:04:53.611285,3083.6,3085.4
2025-12-15 08:04:57.460097,3082.6,3084.4
2025-12-15 08:04:59.152367,3081.6,3083.4
2025-12-15 08:05:14.709566,3081.6,3084.3
2025-12-15 08:05:15.749910,3080.6,3082.4
2025-12-15 08:05:17.545067,3082.6,3085.3
2025-12-15 08:05:23.367822,3082.6,3084.4
2025-12-15 08:05:24.329050,3082.6,3085.3
2025-12-15 08:05:37.924837,3081.6,3083.4
2025-12-15 08:05:46.965158,3081.6,3084.3
2025-12-15 08:05:51.686494,3081.6,3083.4
2025-12-15 08:05:56.922473,3080.6,3083.3
2025-12-15 08:05:58.530892,3079.6,3082.3
2025-12-15 08:05:59.563310,3079.6,3081.4
2025-12-15 08:06:08.896092,3079.6,3082.3
2025-12-15 08:06:14.163392,3079.6,3081.4
2025-12-15 08:06:16.547207,3080.6,3082.4
2025-12-15 08:06:18.677090,3080.6,3083.3
2025-12-15 08:06:22.432074,3081.6,3084.3
2025-12-15 08:06:31.660220,3080.6,3083.3
2025-12-15 08:06:36.005728,3079.6,3082.3
2025-12-15 08:06:37.250851,3078.6,3081.3
2025-12-15 08:06:39.720263,3078.6,3080.4
2025-12-15 08:06:44.516474,3079.6,3081.4
2025-12-15 08:06:48.943714,3078.6,3081.3
2025-12-15 08:06:49.497595,3079.6,3081.4
2025-12-15 08:06:52.973990,3078.6,3081.3
2025-12-15 08:06:55.925326,3078.6,3080.4
2025-12-15 08:07:00.936415,3079.6,3081.4
2025-12-15 08:07:02.460265,3079.6,3082.3
2025-12-15 08:07:06.536256,3080.6,3083.3
2025-12-15 08:07:09.232363,3081.6,3084.3
2025-12-15 08:07:16.841677,3080.6,3083.3
2025-12-15 08:07:19.462818,3079.6,3081.4
2025-12-15 08:07:20.731199,3079.6,3082.3
2025-12-15 08:07:33.038201,3080.6,3083.3
2025-12-15 08:07:52.088643,3080.6,3082.4
2025-12-15 08:08:00.060389,3079.6,3082.3
2025-12-15 08:08:03.829760,3080.6,3083.3
2025-12-15 08:08:07.887923,3080.6,3082.4
2025-12-15 08:08:22.693746,3079.6,3082.3
2025-12-15 08:08:23.655621,3078.6,3081.3
2025-12-15 08:08:25.658047,3078.6,3080.4
2025-12-15 08:08:37.291300,3077.6,3080.3
2025-12-15 08:08:41.130682,3078.6,3080.4
2025-12-15 08:08:43.943091,3078.6,3081.3
2025-12-15 08:08:46.094897,3079.6,3081.4
2025-12-15 08:08:47.782862,3079.6,3082.3
2025-12-15 08:08:48.945217,3080.6,3082.4
2025-12-15 08:08:50.725005,3080.6,3083.3
2025-12-15 08:08:54.700253,3080.6,3082.4
2025-12-15 08:08:56.084462,3080.6,3083.3
2025-12-15 08:08:58.116861,3081.6,3083.4
2025-12-15 08:09:21.210243,3080.6,3082.4
2025-12-15 08:09:26.516280,3079.6,3082.3
2025-12-15 08:09:33.841497,3079.6,3081.4
2025-12-15 08:09:43.023511,3080.6,3082.4
2025-12-15 08:09:49.984222,3079.6,3081.4
2025-12-15 08:10:02.522058,3078.6,3081.3
2025-12-15 08:10:06.434536,3079.6,3082.3
2025-12-15 08:10:10.283315,3079.6,3081.4
2025-12-15 08:10:48.250840,3078.6,3081.3
2025-12-15 08:10:51.512438,3079.6,3082.3
2025-12-15 08:11:02.731274,3080.6,3083.3
2025-12-15 08:11:03.554531,3081.6,3083.4
2025-12-15 08:11:05.510597,3080.6,3083.3
2025-12-15 08:11:25.754495,3079.6,3082.3
2025-12-15 08:11:26.790835,3078.6,3081.3
2025-12-15 08:11:27.146989,3078.6,3080.4
2025-12-15 08:11:30.805034,3077.6,3080.3
2025-12-15 08:11:32.386284,3076.6,3079.3
2025-12-15 08:11:43.214734,3075.6,3078.3
2025-12-15 08:11:53.661210,3076.6,3078.4
2025-12-15 08:12:05.609929,3075.6,3078.3
2025-12-15 08:12:07.607324,3076.6,3078.4
2025-12-15 08:12:14.268075,3075.6,3078.3
2025-12-15 08:12:20.665884,3074.6,3077.3
2025-12-15 08:12:46.865721,3075.6,3077.4
2025-12-15 08:12:49.324370,3074.6,3077.3
2025-12-15 08:12:51.195571,3073.6,3076.3
2025-12-15 08:12:54.315802,3072.6,3075.3
2025-12-15 08:12:54.761100,3072.6,3074.4
2025-12-15 08:13:11.672901,3073.6,3075.4
2025-12-15 08:13:14.208700,3073.6,3076.3
2025-12-15 08:13:23.845765,3074.6,3076.4
2025-12-15 08:13:25.621173,3074.6,3077.3
2025-12-15 08:13:31.365273,3074.6,3076.4
2025-12-15 08:13:33.448218,3073.6,3076.3
2025-12-15 08:13:39.162786,3074.6,3077.3
2025-12-15 08:13:44.731060,3074.6,3076.4
2025-12-15 08:13:55.551304,3075.6,3077.4
2025-12-15 08:13:58.904327,3075.6,3078.3
2025-12-15 08:14:00.573760,3076.6,3078.4
2025-12-15 08:14:05.046071,3076.6,3079.3
2025-12-15 08:14:08.882291,3077.6,3080.3
2025-12-15 08:14:09.562374,3077.6,3079.4
2025-12-15 08:14:17.279426,3076.6,3078.4
2025-12-15 08:14:20.831686,3078.6,3080.4
2025-12-15 08:14:21.570301,3078.6,3081.3
2025-12-15 08:14:22.840182,3079.6,3082.3
2025-12-15 08:14:25.359594,3080.6,3082.4
2025-12-15 08:14:32.523616,3078.6,3081.3
2025-12-15 08:14:38.607405,3079.6,3081.4
2025-12-15 08:14:46.554373,3078.6,3081.3
2025-12-15 08:14:48.014160,3079.6,3081.4
2025-12-15 08:14:49.196002,3080.6,3082.4
2025-12-15 08:14:53.716009,3080.6,3083.3
2025-12-15 08:14:57.481476,3081.6,3083.4
2025-12-15 08:15:34.568246,3080.6,3083.3
2025-12-15 08:15:38.313763,3080.6,3082.4
2025-12-15 08:15:48.287142,3080.6,3083.3
2025-12-15 08:15:50.281030,3083.6,3085.4
2025-12-15 08:15:53.362170,3082.6,3084.4
2025-12-15 08:15:55.564354,3082.6,3085.3
2025-12-15 08:16:00.139460,3082.6,3084.4
2025-12-15 08:16:03.657820,3082.6,3085.3
2025-12-15 08:16:07.705137,3081.6,3084.3
2025-12-15 08:16:13.988409,3081.6,3083.4
2025-12-15 08:16:19.943578,3081.6,3084.3
2025-12-15 08:16:22.280681,3082.6,3085.3
2025-12-15 08:16:23.736719,3082.6,3084.4
2025-12-15 08:16:28.007991,3083.6,3085.4
2025-12-15 08:16:32.118579,3082.6,3085.3
2025-12-15 08:16:36.616591,3083.6,3085.4
2025-12-15 08:16:38.332281,3082.6,3085.3
2025-12-15 08:16:39.729465,3082.6,3084.4
2025-12-15 08:16:52.614596,3082.6,3085.3
2025-12-15 08:16:58.905005,3083.6,3086.3
2025-12-15 08:17:07.586963,3083.6,3085.4
2025-12-15 08:17:15.642550,3083.6,3086.3
2025-12-15 08:17:17.936366,3082.6,3085.3
2025-12-15 08:17:23.372028,3083.6,3085.4
2025-12-15 08:17:24.960272,3082.6,3085.3
2025-12-15 08:17:25.714660,3082.6,3084.4
2025-12-15 08:17:29.562852,3081.6,3084.3
2025-12-15 08:17:30.318878,3081.6,3083.4
2025-12-15 08:17:38.131772,3080.6,3083.3
2025-12-15 08:17:44.895819,3081.6,3084.3
2025-12-15 08:17:51.917221,3081.6,3083.4
2025-12-15 08:17:59.798795,3081.6,3084.3
2025-12-15 08:18:00.535510,3082.6,3084.4
2025-12-15 08:18:03.602675,3081.6,3083.4
2025-12-15 08:18:17.253675,3082.6,3084.4
2025-12-15 08:18:17.606834,3081.6,3084.3
2025-12-15 08:18:19.453526,3082.6,3084.4
2025-12-15 08:18:21.659979,3081.6,3084.3
2025-12-15 08:18:30.278344,3082.6,3084.4
2025-12-15 08:18:36.189214,3082.6,3085.3
2025-12-15 08:18:42.241500,3083.6,3085.4
2025-12-15 08:18:44.013994,3080.6,3083.3
2025-12-15 08:18:45.329204,3079.6,3082.3
2025-12-15 08:18:45.773615,3081.6,3083.4
2025-12-15 08:18:48.638188,3080.6,3082.4
2025-12-15 08:18:50.439433,3080.6,3083.3
2025-12-15 08:19:05.036529,3081.6,3083.4
2025-12-15 08:19:10.486069,3081.6,3084.3
2025-12-15 08:19:35.195208,3081.6,3083.4
2025-12-15 08:19:39.729091,3080.6,3082.4
2025-12-15 08:19:45.654752,3081.6,3084.3
2025-12-15 08:19:49.121867,3083.6,3085.4
2025-12-15 08:19:50.544858,3082.6,3085.3
2025-12-15 08:19:59.925451,3081.6,3084.3
2025-12-15 08:20:23.640421,3082.6,3085.3
2025-12-15 08:20:43.874575,3082.6,3084.4
2025-12-15 08:20:51.322929,3082.6,3085.3
2025-12-15 08:20:57.395308,3083.6,3086.3
2025-12-15 08:21:06.996185,3083.6,3085.4
2025-12-15 08:21:09.539171,3082.6,3085.3
2025-12-15 08:21:22.056604,3081.6,3084.3
2025-12-15 08:21:23.942725,3081.6,3083.4
2025-12-15 08:21:34.622610,3080.6,3083.3
2025-12-15 08:21:46.397956,3081.6,3084.3
2025-12-15 08:21:47.354177,3082.6,3085.3
2025-12-15 08:21:47.868925,3082.6,3084.4
2025-12-15 08:21:49.218106,3083.6,3085.4
2025-12-15 08:21:49.780055,3082.6,3084.4
2025-12-15 08:22:04.853428,3083.6,3085.4
2025-12-15 08:22:07.526767,3082.6,3085.3
2025-12-15 08:22:09.430190,3083.6,3085.4
2025-12-15 08:22:11.040924,3082.6,3084.4
2025-12-15 08:22:14.652084,3083.6,3085.4
2025-12-15 08:22:25.376807,3083.6,3086.3
2025-12-15 08:22:28.206332,3084.6,3086.4
2025-12-15 08:23:02.882436,3083.6,3085.4
2025-12-15 08:23:05.193619,3082.6,3084.4
2025-12-15 08:23:09.236822,3082.6,3085.3
2025-12-15 08:23:19.080586,3081.6,3084.3
2025-12-15 08:23:23.525407,3082.6,3084.4
2025-12-15 08:24:02.420908,3082.6,3085.3
2025-12-15 08:24:04.525390,3083.6,3086.3
2025-12-15 08:24:07.247726,3084.6,3087.3
2025-12-15 08:24:30.743378,3083.6,3086.3
2025-12-15 08:25:02.349081,3084.6,3086.4
2025-12-15 08:25:03.247224,3083.6,3086.3
2025-12-15 08:25:04.906963,3083.6,3085.4
2025-12-15 08:25:06.503786,3083.6,3086.3
2025-12-15 08:25:17.389151,3082.6,3085.3
2025-12-15 08:25:32.019975,3083.6,3085.4
2025-12-15 08:25:52.929362,3082.6,3085.3
2025-12-15 08:26:02.088212,3083.6,3085.4
2025-12-15 08:26:12.849599,3084.6,3086.4
2025-12-15 08:26:16.383298,3085.6,3087.4
2025-12-15 08:26:25.788355,3084.6,3087.3
2025-12-15 08:26:26.029808,3084.6,3086.4
2025-12-15 08:26:30.770207,3083.6,3086.3
2025-12-15 08:26:47.425601,3083.6,3085.4
2025-12-15 08:27:08.255353,3082.6,3085.3
2025-12-15 08:27:11.535098,3082.6,3084.4
2025-12-15 08:27:21.281722,3083.6,3085.4
2025-12-15 08:27:27.139764,3082.6,3084.4
2025-12-15 08:27:29.676381,3081.6,3084.3
2025-12-15 08:27:43.290844,3081.6,3083.4
2025-12-15 08:27:51.481747,3081.6,3084.3
2025-12-15 08:27:52.202668,3082.6,3085.3
2025-12-15 08:27:56.430548,3082.6,3084.4
2025-12-15 08:28:15.814105,3083.6,3085.4
2025-12-15 08:28:22.382659,3082.6,3084.4
2025-12-15 08:28:55.216425,3082.6,3085.3
2025-12-15 08:29:19.095468,3082.6,3084.4
2025-12-15 08:29:23.108521,3081.6,3084.3
2025-12-15 08:29:42.076555,3082.6,3084.4
2025-12-15 08:29:57.661078,3081.6,3083.4
2025-12-15 08:30:05.163671,3080.6,3083.3
2025-12-15 08:30:15.442708,3080.6,3082.4
2025-12-15 08:30:16.765499,3081.6,3083.4
2025-12-15 08:30:20.356986,3081.6,3084.3
2025-12-15 08:30:35.202568,3081.6,3083.4
2025-12-15 08:30:38.199944,3080.6,3082.4
2025-12-15 08:30:38.938312,3080.6,3083.3
2025-12-15 08:30:39.351304,3081.6,3083.4
2025-12-15 08:30:42.596810,3081.6,3084.3
2025-12-15 08:30:52.913638,3082.6,3085.3
2025-12-15 08:30:54.911929,3084.6,3086.4
2025-12-15 08:30:55.407925,3084.6,3087.3
2025-12-15 08:30:57.284982,3085.6,3088.3
2025-12-15 08:30:58.681840,3086.6,3089.3
2025-12-15 08:30:59.737766,3087.6,3090.3
2025-12-15 08:31:04.485747,3088.6,3091.3
2025-12-15 08:31:10.261496,3088.6,3090.4
2025-12-15 08:31:16.509897,3089.6,3091.4
2025-12-15 08:31:19.924209,3088.6,3091.3
2025-12-15 08:31:28.242533,3088.6,3090.4
2025-12-15 08:31:28.551989,3090.6,3092.4
2025-12-15 08:31:29.265291,3089.6,3092.3
2025-12-15 08:31:30.918609,3089.6,3091.4
2025-12-15 08:31:37.674741,3089.6,3092.3
2025-12-15 08:31:38.594739,3090.6,3092.4
2025-12-15 08:31:42.109701,3089.6,3091.4
2025-12-15 08:31:43.069150,3089.6,3092.3
2025-12-15 08:31:45.301416,3088.6,3091.3
2025-12-15 08:31:47.699327,3088.6,3090.4
2025-12-15 08:32:00.344044,3087.6,3090.3
2025-12-15 08:32:01.022722,3088.6,3090.4
2025-12-15 08:32:06.317070,3088.6,3091.3
2025-12-15 08:32:07.352612,3089.6,3091.4
2025-12-15 08:32:12.131283,3089.6,3092.3
2025-12-15 08:32:12.655652,3091.6,3094.3
2025-12-15 08:32:17.286420,3092.6,3094.4
2025-12-15 08:32:21.581326,3092.6,3095.3
2025-12-15 08:32:21.829656,3093.6,3095.4
2025-12-15 08:32:27.564617,3092.6,3095.3
2025-12-15 08:32:27.921628,3092.6,3094.4
2025-12-15 08:32:28.862000,3091.6,3094.3
2025-12-15 08:32:34.734738,3092.6,3094.4
2025-12-15 08:32:41.048772,3091.6,3094.3
2025-12-15 08:32:42.322802,3091.6,3093.4
2025-12-15 08:32:43.329332,3091.6,3094.3
2025-12-15 08:32:44.848424,3092.6,3095.3
2025-12-15 08:32:52.761863,3092.6,3094.4
2025-12-15 08:32:56.305820,3092.6,3095.3
2025-12-15 08:33:00.332605,3093.6,3095.4
2025-12-15 08:33:12.599315,3093.6,3096.3
2025-12-15 08:33:18.194051,3094.6,3097.3
2025-12-15 08:33:20.498478,3095.6,3098.3
2025-12-15 08:33:24.138859,3096.6,3098.4
2025-12-15 08:33:26.151284,3095.6,3098.3
2025-12-15 08:33:27.749451,3095.6,3097.4
2025-12-15 08:33:29.430004,3096.6,3098.4
2025-12-15 08:33:43.007996,3097.6,3099.4
2025-12-15 08:33:47.575274,3096.6,3099.3
2025-12-15 08:33:54.072353,3098.6,3100.4
2025-12-15 08:33:59.937919,3097.6,3099.4
2025-12-15 08:34:00.477870,3099.6,3102.3
2025-12-15 08:34:01.339665,3098.6,3100.4
2025-12-15 08:34:03.019665,3097.6,3100.3
2025-12-15 08:34:03.767571,3097.6,3099.4
2025-12-15 08:34:08.552099,3096.6,3099.3
2025-12-15 08:34:10.019378,3097.6,3100.3
2025-12-15 08:34:19.804440,3097.6,3099.4
2025-12-15 08:34:30.218693,3096.6,3099.3
2025-12-15 08:34:31.741396,3096.6,3098.4
2025-12-15 08:34:33.218682,3096.6,3099.3
2025-12-15 08:34:34.607232,3096.6,3098.4
2025-12-15 08:34:36.017715,3095.6,3098.3
2025-12-15 08:34:37.703179,3095.6,3097.4
2025-12-15 08:34:42.161886,3095.6,3098.3
2025-12-15 08:34:46.734949,3094.6,3097.3
2025-12-15 08:34:47.819851,3094.6,3096.4
2025-12-15 08:34:57.069927,3093.6,3096.3
2025-12-15 08:35:14.082919,3093.6,3095.4
2025-12-15 08:35:21.964604,3094.6,3096.4
2025-12-15 08:35:34.909040,3094.6,3097.3
2025-12-15 08:35:38.537083,3093.6,3096.3
2025-12-15 08:35:41.275891,3092.6,3095.3
2025-12-15 08:35:42.311296,3092.6,3094.4
2025-12-15 08:35:47.670605,3092.6,3095.3
2025-12-15 08:35:48.569173,3091.6,3094.3
2025-12-15 08:35:49.581086,3092.6,3094.4
2025-12-15 08:35:52.867874,3091.6,3093.4
2025-12-15 08:36:02.008659,3092.6,3094.4
2025-12-15 08:36:21.029225,3091.6,3094.3
2025-12-15 08:36:21.777928,3091.6,3093.4
2025-12-15 08:36:26.951448,3091.6,3094.3
2025-12-15 08:36:33.334118,3092.6,3094.4
2025-12-15 08:36:35.302608,3092.6,3095.3
2025-12-15 08:36:39.683979,3093.6,3095.4
2025-12-15 08:36:43.181959,3093.6,3096.3
2025-12-15 08:36:45.008277,3094.6,3096.4
2025-12-15 08:36:46.076493,3093.6,3096.3
2025-12-15 08:37:04.246331,3093.6,3095.4
2025-12-15 08:37:04.570932,3094.6,3096.4
2025-12-15 08:37:21.012170,3093.6,3096.3
2025-12-15 08:37:22.019011,3092.6,3095.3
2025-12-15 08:37:26.900669,3093.6,3095.4
2025-12-15 08:37:58.614826,3092.6,3095.3
2025-12-15 08:38:02.112589,3092.6,3094.4
2025-12-15 08:38:23.314266,3093.6,3095.4
2025-12-15 08:38:31.990452,3093.6,3096.3
2025-12-15 08:38:39.283121,3094.6,3097.3
2025-12-15 08:38:46.874711,3094.6,3096.4
2025-12-15 08:38:49.424621,3093.6,3096.3
2025-12-15 08:38:56.882079,3093.6,3095.4
2025-12-15 08:39:08.181479,3094.6,3096.4
2025-12-15 08:39:12.916225,3094.6,3097.3
2025-12-15 08:39:14.576544,3094.6,3096.4
2025-12-15 08:39:32.641537,3093.6,3096.3
2025-12-15 08:39:33.622689,3093.6,3095.4
2025-12-15 08:39:34.868165,3094.6,3096.4
2025-12-15 08:39:37.755853,3094.6,3097.3
2025-12-15 08:39:38.879263,3094.6,3096.4
2025-12-15 08:39:46.661622,3093.6,3096.3
2025-12-15 08:39:51.242301,3092.6,3095.3
2025-12-15 08:40:09.043720,3093.6,3095.4
2025-12-15 08:40:16.402576,3092.6,3095.3
2025-12-15 08:40:17.194454,3092.6,3094.4
2025-12-15 08:40:18.715393,3093.6,3095.4
2025-12-15 08:40:21.365874,3092.6,3095.3
2025-12-15 08:40:29.546714,3093.6,3095.4
2025-12-15 08:40:35.619830,3092.6,3095.3
2025-12-15 08:40:36.819044,3093.6,3095.4
2025-12-15 08:40:45.753525,3093.6,3096.3
2025-12-15 08:40:48.716383,3093.6,3095.4
2025-12-15 08:40:54.749386,3094.6,3096.4
2025-12-15 08:40:57.310935,3093.6,3095.4
2025-12-15 08:40:59.208706,3092.6,3095.3
2025-12-15 08:41:07.032288,3093.6,3096.3
2025-12-15 08:41:10.721910,3094.6,3096.4
2025-12-15 08:41:15.912273,3093.6,3096.3
2025-12-15 08:41:29.620516,3092.6,3095.3
2025-12-15 08:41:30.162805,3092.6,3094.4
2025-12-15 08:41:32.442123,3092.6,3095.3
2025-12-15 08:41:34.285424,3093.6,3096.3
2025-12-15 08:41:35.692700,3094.6,3096.4
2025-12-15 08:41:37.200964,3093.6,3096.3
2025-12-15 08:41:44.630756,3094.6,3096.4
2025-12-15 08:41:49.657558,3093.6,3096.3
2025-12-15 08:41:50.647364,3094.6,3096.4
2025-12-15 08:41:56.838127,3093.6,3095.4
2025-12-15 08:42:37.749702,3093.6,3096.3
2025-12-15 08:42:44.338817,3094.6,3097.3
2025-12-15 08:42:48.484556,3094.6,3096.4
2025-12-15 08:42:51.324568,3093.6,3096.3
2025-12-15 08:42:58.466457,3093.6,3095.4
2025-12-15 08:42:58.800428,3093.6,3096.3
2025-12-15 08:43:02.248495,3094.6,3096.4
2025-12-15 08:43:21.353291,3093.6,3096.3
2025-12-15 08:43:51.222191,3096.6,3098.4
2025-12-15 08:43:58.710462,3096.6,3099.3
2025-12-15 08:44:01.349943,3097.6,3100.3
2025-12-15 08:44:03.144381,3098.6,3100.4
2025-12-15 08:44:04.665427,3097.6,3100.3
2025-12-15 08:44:17.715535,3096.6,3098.4
2025-12-15 08:44:18.151970,3095.6,3098.3
2025-12-15 08:44:59.320687,3094.6,3097.3
2025-12-15 08:45:23.442792,3093.6,3096.3
2025-12-15 08:45:24.362027,3091.6,3094.3
2025-12-15 08:45:24.954432,3091.6,3093.4
2025-12-15 08:45:29.913987,3090.6,3093.3
2025-12-15 08:45:38.379978,3091.6,3094.3
2025-12-15 08:45:39.883978,3091.6,3093.4
2025-12-15 08:46:04.139741,3092.6,3094.4
2025-12-15 08:46:07.931886,3092.6,3095.3
2025-12-15 08:46:25.882464,3091.6,3094.3
2025-12-15 08:46:30.865135,3092.6,3094.4
2025-12-15 08:46:53.164477,3092.6,3095.3
2025-12-15 08:47:01.419754,3091.6,3094.3
2025-12-15 08:47:02.115757,3092.6,3094.4
2025-12-15 08:47:02.811045,3092.6,3095.3
2025-12-15 08:47:04.127868,3092.6,3094.4
2025-12-15 08:47:07.559349,3092.6,3095.3
2025-12-15 08:47:13.837834,3092.6,3094.4
2025-12-15 08:47:21.780296,3093.6,3095.4
2025-12-15 08:47:22.414163,3092.6,3094.4
2025-12-15 08:47:41.252295,3091.6,3094.3
2025-12-15 08:47:41.874187,3091.6,3093.4
2025-12-15 08:48:22.008106,3091.6,3094.3
2025-12-15 08:48:28.015091,3092.6,3095.3
2025-12-15 08:48:39.101381,3094.6,3096.4
2025-12-15 08:48:40.367983,3093.6,3096.3
2025-12-15 08:48:41.706387,3094.6,3096.4
2025-12-15 08:48:45.971952,3093.6,3095.4
2025-12-15 08:48:48.606315,3094.6,3096.4
2025-12-15 08:49:20.360856,3092.6,3095.3
2025-12-15 08:49:22.569883,3092.6,3094.4
2025-12-15 08:49:23.209445,3093.6,3096.3
2025-12-15 08:49:36.745324,3094.6,3096.4
2025-12-15 08:49:45.333867,3093.6,3096.3
2025-12-15 08:50:00.355928,3092.6,3095.3
2025-12-15 08:50:04.717370,3093.6,3096.3
2025-12-15 08:50:10.167806,3093.6,3095.4
2025-12-15 08:50:24.823994,3094.6,3096.4
2025-12-15 08:50:34.511074,3093.6,3096.3
2025-12-15 08:50:36.894149,3092.6,3095.3
2025-12-15 08:50:41.340650,3093.6,3095.4
2025-12-15 08:50:51.509486,3093.6,3096.3
2025-12-15 08:50:56.132082,3095.6,3097.4
2025-12-15 08:50:57.630035,3094.6,3096.4
2025-12-15 08:51:31.696880,3093.6,3096.3
2025-12-15 08:51:41.148696,3094.6,3096.4
2025-12-15 08:51:43.125938,3094.6,3097.3
2025-12-15 08:51:44.138465,3095.6,3097.4
2025-12-15 08:51:45.922857,3094.6,3096.4
2025-12-15 08:51:56.586775,3094.6,3097.3
2025-12-15 08:51:58.039407,3095.6,3097.4
2025-12-15 08:52:01.523018,3094.6,3097.3
2025-12-15 08:52:01.937047,3095.6,3097.4
2025-12-15 08:52:05.557264,3094.6,3097.3
2025-12-15 08:52:06.441636,3095.6,3097.4
2025-12-15 08:52:08.462097,3094.6,3097.3
2025-12-15 08:52:19.483391,3094.6,3096.4
2025-12-15 08:52:28.777734,3093.6,3095.4
2025-12-15 08:52:38.139322,3092.6,3095.3
2025-12-15 08:52:43.819141,3093.6,3095.4
2025-12-15 08:52:44.943391,3093.6,3096.3
2025-12-15 08:52:58.701910,3094.6,3097.3
2025-12-15 08:52:59.256785,3094.6,3096.4
2025-12-15 08:53:02.142033,3095.6,3097.4
2025-12-15 08:53:11.105565,3094.6,3097.3
2025-12-15 08:53:11.490008,3095.6,3097.4
2025-12-15 08:53:12.028292,3094.6,3097.3
2025-12-15 08:53:12.952815,3093.6,3095.4
2025-12-15 08:53:15.447074,3094.6,3096.4
2025-12-15 08:53:26.112833,3093.6,3096.3
2025-12-15 08:53:28.238068,3093.6,3095.4
2025-12-15 08:53:34.666817,3094.6,3097.3
2025-12-15 08:53:40.516845,3093.6,3097.3
2025-12-15 08:53:58.953564,3094.6,3097.3
2025-12-15 08:54:07.484936,3094.6,3096.4
2025-12-15 08:54:09.263382,3093.6,3096.3
2025-12-15 08:54:19.588552,3093.6,3095.4
2025-12-15 08:54:30.022277,3093.6,3096.3
2025-12-15 08:54:38.774990,3094.6,3097.3
2025-12-15 08:54:40.533854,3094.6,3096.4
2025-12-15 08:54:41.076271,3095.6,3097.4
2025-12-15 08:54:54.796208,3094.6,3096.4
2025-12-15 08:55:05.098774,3093.6,3096.3
2025-12-15 08:55:45.542699,3092.6,3095.3
2025-12-15 08:55:48.404377,3093.6,3095.4
2025-12-15 08:55:49.432923,3094.6,3096.4
2025-12-15 08:56:01.865846,3093.6,3096.3
2025-12-15 08:56:06.655133,3094.6,3096.4
2025-12-15 08:56:29.170246,3093.6,3096.3
2025-12-15 08:56:42.585326,3094.6,3097.3
2025-12-15 08:57:57.714917,3094.6,3096.4
2025-12-15 08:58:06.396485,3093.6,3096.3
2025-12-15 08:58:08.639310,3094.6,3096.4
2025-12-15 08:58:13.700435,3093.6,3096.3
2025-12-15 08:58:15.401563,3093.6,3095.4
2025-12-15 08:58:25.131719,3093.6,3096.3
2025-12-15 08:58:32.512725,3093.6,3095.4
2025-12-15 08:58:38.100297,3094.6,3096.4
2025-12-15 08:59:07.613925,3093.6,3096.3
2025-12-15 08:59:29.896484,3092.6,3095.3
2025-12-15 08:59:59.470970,3091.6,3093.4
2025-12-15 09:00:06.929236,3090.6,3093.3
2025-12-15 09:00:09.163601,3090.6,3092.4
2025-12-15 09:00:09.705360,3090.6,3093.3
2025-12-15 09:00:10.755496,3090.6,3092.4
2025-12-15 09:00:15.098757,3089.6,3092.3
2025-12-15 09:00:29.217405,3088.6,3091.3
2025-12-15 09:00:33.816523,3087.6,3089.4
2025-12-15 09:00:41.279514,3088.6,3090.4
2025-12-15 09:01:00.789005,3087.6,3090.3
2025-12-15 09:01:06.041890,3089.6,3091.4
2025-12-15 09:01:06.665058,3088.6,3091.3
2025-12-15 09:01:07.300564,3089.6,3091.4
2025-12-15 09:01:09.956670,3090.6,3093.3
2025-12-15 09:01:10.766848,3091.6,3093.4
2025-12-15 09:01:11.813662,3090.6,3093.3
2025-12-15 09:01:15.179225,3091.6,3093.4
2025-12-15 09:01:16.014300,3090.6,3093.3
2025-12-15 09:01:17.687960,3090.6,3092.4
2025-12-15 09:01:19.489816,3091.6,3093.4
2025-12-15 09:01:23.658152,3091.6,3094.3
2025-12-15 09:01:41.159350,3091.6,3093.4
2025-12-15 09:01:46.583671,3091.6,3094.3
2025-12-15 09:02:10.595407,3091.6,3093.4
2025-12-15 09:02:11.105934,3092.6,3095.3
2025-12-15 09:02:21.376918,3093.6,3096.3
2025-12-15 09:02:23.277437,3094.6,3096.4
2025-12-15 09:02:28.959539,3093.6,3095.4
2025-12-15 09:02:30.028043,3093.6,3096.3
2025-12-15 09:02:35.017128,3094.6,3097.3
2025-12-15 09:02:45.280288,3094.6,3096.4
2025-12-15 09:02:54.852021,3095.6,3097.4
2025-12-15 09:03:10.444378,3095.6,3098.3
2025-12-15 09:03:11.572951,3097.6,3099.4
2025-12-15 09:03:16.943262,3097.6,3100.3
2025-12-15 09:03:20.119396,3098.6,3101.3
2025-12-15 09:03:26.389473,3098.6,3100.4
2025-12-15 09:03:29.115853,3098.6,3101.3
2025-12-15 09:03:31.131273,3098.6,3100.4
2025-12-15 09:03:31.360919,3098.6,3101.3
2025-12-15 09:03:41.956006,3100.6,3103.3
2025-12-15 09:03:42.713631,3104.6,3107.3
2025-12-15 09:03:43.425920,3104.6,3106.4
2025-12-15 09:03:46.250022,3104.6,3107.3
2025-12-15 09:03:47.049548,3105.6,3107.4
2025-12-15 09:03:48.739369,3104.6,3107.3
2025-12-15 09:03:50.503057,3105.6,3107.4
2025-12-15 09:03:51.148535,3105.6,3108.3
2025-12-15 09:03:52.545847,3106.6,3108.4
2025-12-15 09:03:54.686856,3105.6,3108.3
2025-12-15 09:04:00.127903,3105.6,3107.4
2025-12-15 09:04:10.983388,3105.6,3108.3
2025-12-15 09:04:13.342566,3106.6,3108.4
2025-12-15 09:04:13.842188,3105.6,3108.3
2025-12-15 09:04:19.026263,3105.6,3107.4
2025-12-15 09:04:21.361517,3104.6,3107.3
2025-12-15 09:04:23.640615,3105.6,3107.4
2025-12-15 09:04:32.375420,3105.6,3108.3
2025-12-15 09:04:43.853215,3105.6,3107.4
2025-12-15 09:04:50.936175,3105.6,3108.3
2025-12-15 09:05:09.892803,3104.6,3107.3
2025-12-15 09:05:29.548718,3104.6,3106.4
2025-12-15 09:05:39.639701,3103.6,3106.3
2025-12-15 09:05:41.410715,3103.6,3105.4
2025-12-15 09:05:48.824412,3103.6,3106.3
2025-12-15 09:05:52.309447,3104.6,3107.3
2025-12-15 09:05:53.626824,3104.6,3106.4
2025-12-15 09:06:15.680022,3103.6,3105.4
2025-12-15 09:06:39.825220,3103.6,3106.3
2025-12-15 09:06:40.613991,3104.6,3107.3
2025-12-15 09:06:40.874582,3104.6,3106.4
2025-12-15 09:06:41.357090,3104.6,3107.3
2025-12-15 09:06:42.621242,3105.6,3107.4
2025-12-15 09:07:03.042781,3105.6,3108.3
2025-12-15 09:07:04.969537,3105.6,3107.4
2025-12-15 09:07:06.510133,3105.6,3108.3
2025-12-15 09:07:12.582741,3106.6,3109.3
2025-12-15 09:07:14.242659,3107.6,3110.3
2025-12-15 09:07:32.923687,3108.6,3111.3
2025-12-15 09:07:33.899645,3108.6,3110.4
2025-12-15 09:07:40.377887,3108.6,3111.3
2025-12-15 09:07:44.895406,3109.6,3111.4
2025-12-15 09:07:46.576898,3108.6,3110.4
2025-12-15 09:07:48.665057,3109.6,3111.4
2025-12-15 09:07:52.450195,3110.6,3112.4
2025-12-15 09:08:00.685352,3109.6,3112.3
2025-12-15 09:08:00.951585,3109.6,3113.3
2025-12-15 09:08:01.197646,3111.6,3113.4
2025-12-15 09:08:01.602832,3111.6,3114.3
2025-12-15 09:08:02.357405,3113.6,3115.4
2025-12-15 09:08:02.878262,3112.6,3115.3
2025-12-15 09:08:05.125703,3111.6,3114.3
2025-12-15 09:08:07.538980,3112.6,3115.3
2025-12-15 09:08:11.636491,3112.6,3114.4
2025-12-15 09:08:12.137060,3112.6,3115.3
2025-12-15 09:08:14.185988,3112.6,3114.4
2025-12-15 09:08:16.085554,3111.6,3114.3
2025-12-15 09:08:34.527392,3110.6,3113.3
2025-12-15 09:08:53.092858,3112.6,3114.4
2025-12-15 09:09:08.263848,3112.6,3115.3
2025-12-15 09:09:20.002875,3113.6,3116.3
2025-12-15 09:09:21.318834,3114.6,3116.4
2025-12-15 09:09:22.280504,3115.6,3117.4
2025-12-15 09:09:23.353543,3114.6,3117.3
2025-12-15 09:09:23.582407,3116.6,3118.4
2025-12-15 09:09:25.125466,3116.6,3119.3
2025-12-15 09:09:28.586417,3116.6,3118.4
2025-12-15 09:09:34.654737,3116.6,3119.3
2025-12-15 09:09:35.398215,3116.6,3118.4
2025-12-15 09:09:43.746094,3115.6,3118.3
2025-12-15 09:09:50.317391,3114.6,3117.3
2025-12-15 09:09:52.425334,3113.6,3115.4
2025-12-15 09:10:04.411239,3113.6,3116.3
2025-12-15 09:10:05.453017,3114.6,3116.4
2025-12-15 09:10:10.771784,3113.6,3116.3
2025-12-15 09:10:38.240624,3112.6,3114.4
2025-12-15 09:10:40.442165,3111.6,3113.4
2025-12-15 09:10:58.965786,3111.6,3114.3
2025-12-15 09:11:00.826822,3111.6,3113.4
2025-12-15 09:11:01.722325,3111.6,3114.3
2025-12-15 09:11:02.622831,3111.6,3113.4
2025-12-15 09:11:20.380269,3110.6,3113.3
2025-12-15 09:11:21.366080,3111.6,3113.4
2025-12-15 09:11:25.009048,3110.6,3112.4
2025-12-15 09:11:26.675410,3110.6,3113.3
2025-12-15 09:11:31.732602,3111.6,3114.3
2025-12-15 09:11:57.188263,3112.6,3115.3
2025-12-15 09:11:58.504308,3113.6,3116.3
2025-12-15 09:12:06.951012,3113.6,3115.4
2025-12-15 09:12:09.961079,3113.6,3116.3
2025-12-15 09:12:11.733280,3113.6,3115.4
2025-12-15 09:12:43.597577,3112.6,3114.4
2025-12-15 09:12:47.953575,3113.6,3115.4
2025-12-15 09:13:01.149455,3113.6,3116.3
2025-12-15 09:13:14.812035,3113.6,3115.4
2025-12-15 09:13:24.054750,3113.6,3116.3
2025-12-15 09:13:29.009197,3115.6,3117.4
2025-12-15 09:13:31.019135,3114.6,3116.4
2025-12-15 09:13:36.020380,3113.6,3116.3
2025-12-15 09:14:07.911087,3114.6,3116.4
2025-12-15 09:14:08.664411,3114.6,3117.3
2025-12-15 09:14:09.642223,3115.6,3117.4
2025-12-15 09:14:12.120446,3116.6,3118.4
2025-12-15 09:14:13.004973,3116.6,3119.3
2025-12-15 09:14:20.708780,3116.6,3118.4
2025-12-15 09:14:24.638385,3117.6,3119.4
2025-12-15 09:14:31.090997,3116.6,3118.4
2025-12-15 09:14:32.000377,3116.6,3119.3
2025-12-15 09:14:33.001629,3117.6,3119.4
2025-12-15 09:14:33.839189,3116.6,3119.3
2025-12-15 09:14:35.353617,3116.6,3118.4
2025-12-15 09:14:48.112981,3117.6,3119.4
2025-12-15 09:14:48.326859,3116.6,3119.3
2025-12-15 09:14:50.529545,3116.6,3118.4
2025-12-15 09:14:51.072224,3116.6,3119.3
2025-12-15 09:14:51.333922,3117.6,3119.4
2025-12-15 09:14:51.592739,3116.6,3119.3
2025-12-15 09:15:07.689877,3115.6,3117.4
2025-12-15 09:15:35.367979,3115.6,3118.3
2025-12-15 09:15:44.847141,3115.6,3117.4
2025-12-15 09:15:46.285016,3114.6,3116.4
2025-12-15 09:16:22.263310,3113.6,3116.3
2025-12-15 09:16:25.622363,3112.6,3114.4
2025-12-15 09:16:38.187046,3111.6,3113.4
2025-12-15 09:16:40.341506,3113.6,3115.4
2025-12-15 09:16:56.370114,3112.6,3115.3
2025-12-15 09:16:56.876426,3112.6,3114.4
2025-12-15 09:17:00.343542,3111.6,3113.4
2025-12-15 09:17:06.769279,3110.6,3113.3
2025-12-15 09:17:08.894182,3110.6,3112.4
2025-12-15 09:17:11.166827,3111.6,3113.4
2025-12-15 09:17:15.111186,3110.6,3112.4
2025-12-15 09:17:17.167504,3110.6,3113.3
2025-12-15 09:17:30.256986,3110.6,3112.4
2025-12-15 09:17:33.273574,3111.6,3113.4
2025-12-15 09:17:35.114964,3110.6,3113.3
2025-12-15 09:17:42.310038,3111.6,3113.4
2025-12-15 09:17:47.195766,3112.6,3114.4
2025-12-15 09:17:48.221670,3111.6,3113.4
2025-12-15 09:17:56.628438,3110.6,3112.4
2025-12-15 09:17:57.311317,3110.6,3113.3
2025-12-15 09:18:00.939190,3111.6,3113.4
2025-12-15 09:18:51.215299,3110.6,3112.4
2025-12-15 09:19:03.650264,3111.6,3113.4
2025-12-15 09:19:15.622261,3111.6,3114.3
2025-12-15 09:19:18.939211,3112.6,3115.3
2025-12-15 09:19:40.168348,3112.6,3114.4
2025-12-15 09:19:48.353613,3112.6,3115.3
2025-12-15 09:19:48.676857,3112.6,3114.4
2025-12-15 09:20:45.442625,3113.6,3115.4
2025-12-15 09:20:46.340073,3113.6,3116.3
2025-12-15 09:21:10.795275,3113.6,3115.4
2025-12-15 09:21:40.365227,3112.6,3114.4
2025-12-15 09:21:47.105239,3113.6,3115.4
2025-12-15 09:21:54.136592,3112.6,3115.3
2025-12-15 09:22:09.442710,3112.6,3114.4
2025-12-15 09:22:10.126528,3112.6,3115.3
2025-12-15 09:22:10.732054,3112.6,3114.4
2025-12-15 09:22:50.155662,3112.6,3115.3
2025-12-15 09:22:51.779234,3113.6,3116.3
2025-12-15 09:22:52.530083,3114.6,3117.3
2025-12-15 09:22:59.891764,3113.6,3116.3
2025-12-15 09:23:05.924594,3114.6,3116.4
2025-12-15 09:23:16.801245,3115.6,3117.4
2025-12-15 09:23:17.965417,3114.6,3117.3
2025-12-15 09:23:20.479278,3115.6,3117.4
2025-12-15 09:23:39.357232,3116.6,3118.4
2025-12-15 09:23:40.700670,3115.6,3117.4
2025-12-15 09:23:42.650291,3116.6,3118.4
2025-12-15 09:23:45.043262,3115.6,3118.3
2025-12-15 09:23:45.285093,3115.6,3117.4
2025-12-15 09:23:53.293467,3116.6,3118.4
2025-12-15 09:23:55.956501,3115.6,3118.3
2025-12-15 09:23:56.387026,3115.6,3117.4
2025-12-15 09:24:13.371300,3116.6,3118.4
2025-12-15 09:24:47.136167,3115.6,3117.4
2025-12-15 09:25:02.821627,3116.6,3118.4
2025-12-15 09:25:03.946891,3118.6,3120.4
2025-12-15 09:25:05.683307,3119.6,3121.4
2025-12-15 09:25:14.204583,3117.6,3120.3
2025-12-15 09:25:16.760825,3116.6,3119.3
2025-12-15 09:25:33.580620,3115.6,3118.3
2025-12-15 09:25:41.195456,3115.6,3117.4
2025-12-15 09:25:55.458803,3115.6,3118.3
2025-12-15 09:25:56.597925,3116.6,3119.3
2025-12-15 09:26:08.579132,3117.6,3119.4
2025-12-15 09:27:01.018147,3117.6,3120.3
2025-12-15 09:27:04.233336,3117.6,3119.4
2025-12-15 09:27:09.642006,3116.6,3118.4
2025-12-15 09:27:14.626456,3117.6,3119.4
2025-12-15 09:27:17.277076,3116.6,3119.3
2025-12-15 09:27:40.253452,3115.6,3118.3
2025-12-15 09:27:47.461766,3114.6,3116.4
2025-12-15 09:28:18.899603,3113.6,3116.3
2025-12-15 09:28:19.557964,3113.6,3115.4
2025-12-15 09:28:41.346702,3115.6,3117.4
2025-12-15 09:29:13.154367,3115.6,3118.3
2025-12-15 09:29:14.162968,3115.6,3117.4
2025-12-15 09:29:54.892494,3114.6,3117.3
2025-12-15 09:30:10.932896,3116.6,3118.4
2025-12-15 09:30:27.821743,3116.6,3119.3
2025-12-15 09:30:30.258945,3117.6,3120.3
2025-12-15 09:30:48.185082,3117.6,3119.4
2025-12-15 09:30:52.238353,3117.6,3120.3
2025-12-15 09:30:56.563257,3117.6,3119.4
2025-12-15 09:31:11.916917,3117.6,3120.3
2025-12-15 09:31:23.232227,3118.6,3121.3
2025-12-15 09:31:23.483258,3119.6,3122.3
2025-12-15 09:31:25.017356,3120.6,3123.3
2025-12-15 09:31:25.731386,3121.6,3123.4
2025-12-15 09:31:29.444474,3121.6,3124.3
2025-12-15 09:31:30.623672,3122.6,3125.3
2025-12-15 09:31:33.103037,3123.6,3126.3
2025-12-15 09:31:33.372764,3123.6,3125.4
2025-12-15 09:31:39.265776,3122.6,3124.4
2025-12-15 09:31:40.417324,3123.6,3125.4
2025-12-15 09:31:51.657884,3122.6,3125.3
2025-12-15 09:31:56.780413,3121.6,3124.3
2025-12-15 09:31:58.211870,3122.6,3124.4
2025-12-15 09:31:58.962849,3121.6,3123.4
2025-12-15 09:32:14.230332,3122.6,3124.4
2025-12-15 09:32:25.734704,3123.6,3126.3
2025-12-15 09:32:27.424607,3123.6,3125.4
2025-12-15 09:32:42.062875,3123.6,3126.3
2025-12-15 09:32:54.560054,3124.6,3127.3
2025-12-15 09:32:54.882528,3125.6,3127.4
2025-12-15 09:33:07.934964,3123.6,3126.3
2025-12-15 09:33:14.084665,3124.6,3126.4
2025-12-15 09:33:30.937212,3123.6,3126.3
2025-12-15 09:33:49.731044,3124.6,3126.4
2025-12-15 09:33:54.321566,3123.6,3125.4
2025-12-15 09:33:59.086565,3122.6,3125.3
2025-12-15 09:34:16.985808,3122.6,3124.4
2025-12-15 09:34:23.149046,3123.6,3125.4
2025-12-15 09:34:45.375159,3122.6,3125.3
2025-12-15 09:35:01.922346,3121.6,3124.3
2025-12-15 09:35:09.855046,3122.6,3124.4
2025-12-15 09:35:24.588892,3121.6,3124.3
2025-12-15 09:35:26.582462,3121.6,3123.4
2025-12-15 09:35:27.361895,3121.6,3124.3
2025-12-15 09:35:27.923781,3121.6,3123.4
2025-12-15 09:35:41.732240,3120.6,3123.3
2025-12-15 09:35:51.232497,3121.6,3123.4
2025-12-15 09:35:58.224535,3121.6,3124.3
2025-12-15 09:35:59.633776,3121.6,3123.4
2025-12-15 09:36:12.117287,3120.6,3123.3
2025-12-15 09:36:16.105822,3121.6,3123.4
2025-12-15 09:36:17.674020,3122.6,3124.4
2025-12-15 09:36:27.694541,3121.6,3123.4
2025-12-15 09:36:31.903329,3121.6,3124.3
2025-12-15 09:36:33.921463,3122.6,3124.4
2025-12-15 09:36:47.167827,3121.6,3123.4
2025-12-15 09:36:48.888897,3122.6,3124.4
2025-12-15 09:36:52.345822,3121.6,3124.3
2025-12-15 09:36:53.739474,3121.6,3123.4
2025-12-15 09:37:23.449011,3121.6,3124.3
2025-12-15 09:37:33.499760,3122.6,3125.3
2025-12-15 09:37:40.456716,3124.6,3126.4
2025-12-15 09:37:43.874509,3123.6,3125.4
2025-12-15 09:38:03.016736,3123.6,3126.3
2025-12-15 09:38:03.752787,3123.6,3125.4
2025-12-15 09:38:23.913073,3124.6,3126.4
2025-12-15 09:38:41.508552,3124.6,3127.3
2025-12-15 09:38:42.743803,3124.6,3126.4
2025-12-15 09:38:43.362541,3125.6,3127.4
2025-12-15 09:38:43.734406,3124.6,3126.4
2025-12-15 09:38:44.109297,3125.6,3127.4
2025-12-15 09:38:44.846468,3125.6,3128.3
2025-12-15 09:38:59.782383,3125.6,3127.4
2025-12-15 09:39:41.628302,3126.6,3128.4
2025-12-15 09:39:42.609005,3125.6,3128.3
2025-12-15 09:39:44.330019,3126.6,3128.4
2025-12-15 09:39:45.519283,3125.6,3128.3
2025-12-15 09:39:50.152683,3126.6,3128.4
2025-12-15 09:40:03.261982,3127.6,3129.4
2025-12-15 09:40:42.138109,3126.6,3128.4
2025-12-15 09:40:42.889392,3125.6,3128.3
2025-12-15 09:40:56.799071,3124.6,3126.4
2025-12-15 09:40:57.544220,3124.6,3127.3
2025-12-15 09:40:59.125311,3124.6,3126.4
2025-12-15 09:41:00.718814,3125.6,3127.4
2025-12-15 09:41:13.500367,3124.6,3127.3
2025-12-15 09:41:14.717906,3124.6,3126.4
2025-12-15 09:41:16.221402,3124.6,3127.3
2025-12-15 09:41:17.291512,3125.6,3127.4
2025-12-15 09:41:58.149265,3124.6,3127.3
2025-12-15 09:42:04.524675,3124.6,3126.4
2025-12-15 09:42:14.671271,3124.6,3127.3
2025-12-15 09:42:16.384596,3125.6,3127.4
2025-12-15 09:42:22.322826,3124.6,3127.3
2025-12-15 09:42:26.085465,3125.6,3127.4
2025-12-15 09:42:29.350988,3124.6,3126.4
2025-12-15 09:42:31.559753,3125.6,3127.4
2025-12-15 09:42:51.565333,3124.6,3127.3
2025-12-15 09:42:53.981060,3125.6,3127.4
2025-12-15 09:43:01.146385,3124.6,3127.3
2025-12-15 09:43:02.281709,3124.6,3126.4
2025-12-15 09:43:03.150929,3124.6,3127.3
2025-12-15 09:43:03.410278,3125.6,3127.4
2025-12-15 09:43:08.525385,3124.6,3126.4
2025-12-15 09:43:25.966832,3124.6,3127.3
2025-12-15 09:43:26.418204,3125.6,3128.3
2025-12-15 09:44:04.746981,3125.6,3127.4
2025-12-15 09:44:17.980085,3125.6,3128.3
2025-12-15 09:44:51.158186,3126.6,3129.3
2025-12-15 09:44:55.813416,3127.6,3130.3
2025-12-15 09:44:56.675502,3128.6,3131.3
2025-12-15 09:45:02.070390,3128.6,3130.4
2025-12-15 09:45:10.116038,3128.6,3131.3
2025-12-15 09:45:11.638666,3129.6,3131.4
2025-12-15 09:45:36.516241,3129.6,3132.3
2025-12-15 09:45:50.664956,3130.6,3133.3
2025-12-15 09:45:52.401944,3132.6,3134.4
2025-12-15 09:45:58.578353,3131.6,3134.3
2025-12-15 09:46:16.949335,3132.6,3134.4
2025-12-15 09:46:18.652355,3131.6,3134.3
2025-12-15 09:46:19.692265,3131.6,3133.4
2025-12-15 09:46:25.392092,3131.6,3134.3
2025-12-15 09:46:26.026968,3132.6,3134.4
2025-12-15 09:46:33.384972,3131.6,3134.3
2025-12-15 09:46:41.081991,3131.6,3135.3
2025-12-15 09:46:42.445798,3133.6,3135.4
2025-12-15 09:46:49.534513,3132.6,3135.3
2025-12-15 09:46:59.452432,3131.6,3134.3
2025-12-15 09:47:00.363698,3130.6,3133.3
2025-12-15 09:47:01.203884,3129.6,3132.3
2025-12-15 09:47:03.053454,3129.6,3131.4
2025-12-15 09:47:25.261662,3129.6,3132.3
2025-12-15 09:47:27.462384,3129.6,3131.4
2025-12-15 09:47:36.059576,3130.6,3132.4
2025-12-15 09:47:42.979746,3129.6,3131.4
2025-12-15 09:47:55.112556,3129.6,3132.3
2025-12-15 09:48:01.439041,3129.6,3131.4
2025-12-15 09:48:11.068690,3129.6,3132.3
2025-12-15 09:48:19.840948,3129.6,3131.4
2025-12-15 09:48:35.606372,3128.6,3131.3
2025-12-15 09:48:52.043413,3129.6,3131.4
2025-12-15 09:48:53.136225,3129.6,3132.3
2025-12-15 09:49:09.065166,3128.6,3131.3
2025-12-15 09:49:09.803686,3129.6,3131.4
2025-12-15 09:49:41.175347,3128.6,3130.4
2025-12-15 09:49:44.838171,3128.6,3131.3
2025-12-15 09:49:45.967990,3130.6,3132.4
2025-12-15 09:49:48.038387,3129.6,3131.4
2025-12-15 09:49:49.069264,3130.6,3132.4
2025-12-15 09:50:10.130857,3129.6,3131.4
2025-12-15 09:50:10.830227,3129.6,3132.3
2025-12-15 09:50:24.036196,3129.6,3131.4
2025-12-15 09:50:26.085023,3130.6,3132.4
2025-12-15 09:50:38.067641,3130.6,3133.3
2025-12-15 09:50:45.310867,3130.6,3132.4
2025-12-15 09:51:46.535581,3130.6,3133.3
2025-12-15 09:52:00.581886,3132.6,3134.4
2025-12-15 09:52:03.912344,3133.6,3135.4
2025-12-15 09:52:11.545713,3133.6,3136.3
2025-12-15 09:52:11.810197,3133.6,3135.4
2025-12-15 09:52:57.895897,3133.6,3136.3
2025-12-15 09:52:58.673675,3133.6,3135.4
2025-12-15 09:53:57.891122,3133.6,3136.3
2025-12-15 09:53:58.386712,3133.6,3135.4
2025-12-15 09:54:17.855361,3134.6,3136.4
2025-12-15 09:54:59.693278,3133.6,3136.3
2025-12-15 09:55:00.663931,3133.6,3135.4
2025-12-15 09:55:04.951709,3134.6,3136.4
2025-12-15 09:55:24.070317,3134.6,3137.3
2025-12-15 09:55:24.216416,3134.6,3136.4
2025-12-15 09:55:40.884580,3133.6,3136.3
2025-12-15 09:55:43.255189,3132.6,3136.3
2025-12-15 09:55:43.824698,3133.6,3135.4
2025-12-15 09:56:36.547383,3134.6,3136.4
2025-12-15 09:56:39.321755,3135.6,3137.4
2025-12-15 09:56:44.660038,3134.6,3136.4
2025-12-15 09:56:54.883107,3133.6,3135.4
2025-12-15 09:57:04.507468,3135.6,3137.4
2025-12-15 09:58:07.574791,3134.6,3137.3
2025-12-15 09:58:09.940799,3135.6,3137.4
2025-12-15 09:58:16.238721,3134.6,3137.3
2025-12-15 09:58:18.917148,3133.6,3136.3
2025-12-15 09:58:19.813263,3135.6,3137.4
2025-12-15 09:58:41.511121,3134.6,3137.3
2025-12-15 09:58:57.262889,3133.6,3135.4
2025-12-15 09:58:58.855710,3136.6,3138.4
2025-12-15 09:59:12.136365,3135.6,3138.3
2025-12-15 09:59:33.601878,3134.6,3137.3
2025-12-15 09:59:57.888090,3135.6,3137.4
2025-12-15 09:59:59.315716,3134.6,3137.3
2025-12-15 10:00:14.117745,3133.6,3136.3
2025-12-15 10:00:15.143867,3134.6,3136.4
2025-12-15 10:00:15.918564,3133.6,3135.4
2025-12-15 10:00:19.146427,3133.6,3136.3
2025-12-15 10:00:24.805735,3134.6,3136.4
2025-12-15 10:00:25.234725,3133.6,3135.4
2025-12-15 10:00:40.313409,3132.6,3134.4
2025-12-15 10:00:47.257139,3132.6,3135.3
2025-12-15 10:00:49.434262,3134.6,3136.4
2025-12-15 10:00:51.070035,3133.6,3135.4
2025-12-15 10:00:59.090735,3132.6,3135.3
2025-12-15 10:01:05.660031,3133.6,3135.4
2025-12-15 10:01:08.411661,3132.6,3135.3
2025-12-15 10:01:10.140662,3132.6,3134.4
2025-12-15 10:01:13.249314,3132.6,3135.3
2025-12-15 10:01:23.105835,3132.6,3134.4
2025-12-15 10:02:44.606624,3132.6,3135.3
2025-12-15 10:02:47.665170,3133.6,3136.3
2025-12-15 10:03:01.302697,3134.6,3137.3
2025-12-15 10:03:23.037545,3135.6,3137.4
2025-12-15 10:03:34.236139,3136.6,3138.4
2025-12-15 10:03:42.492480,3137.6,3139.4
2025-12-15 10:03:48.559677,3137.6,3140.3
2025-12-15 10:03:51.227893,3138.6,3140.4
2025-12-15 10:03:54.117138,3137.6,3139.4
2025-12-15 10:04:10.703614,3136.6,3139.3
2025-12-15 10:04:19.865458,3135.6,3137.4
2025-12-15 10:04:27.299160,3136.6,3139.3
2025-12-15 10:04:34.447286,3137.6,3139.4
2025-12-15 10:04:48.659665,3136.6,3139.3
2025-12-15 10:04:49.764964,3137.6,3139.4
2025-12-15 10:04:51.062464,3136.6,3138.4
2025-12-15 10:04:58.594956,3135.6,3137.4
2025-12-15 10:05:09.018657,3134.6,3137.3
2025-12-15 10:05:18.909100,3133.6,3135.4
2025-12-15 10:05:20.223753,3134.6,3136.4
2025-12-15 10:06:22.390992,3134.6,3137.3
2025-12-15 10:06:23.152625,3134.6,3136.4
2025-12-15 10:06:41.602923,3133.6,3136.3
2025-12-15 10:06:41.819972,3134.6,3136.4
2025-12-15 10:06:48.117395,3133.6,3136.3
2025-12-15 10:07:02.260102,3134.6,3136.4
2025-12-15 10:07:43.171231,3133.6,3136.3
2025-12-15 10:07:52.649201,3134.6,3137.3
2025-12-15 10:08:19.733489,3134.6,3136.4
2025-12-15 10:08:36.063601,3136.6,3138.4
2025-12-15 10:09:50.501786,3136.6,3139.3
2025-12-15 10:10:33.334331,3136.6,3138.4
2025-12-15 10:10:36.981381,3136.6,3139.3
2025-12-15 10:11:23.850197,3136.6,3138.4
2025-12-15 10:11:32.585578,3137.6,3140.3
2025-12-15 10:11:33.334257,3138.6,3141.3
2025-12-15 10:11:34.090408,3139.6,3141.4
2025-12-15 10:12:26.364612,3138.6,3141.3
2025-12-15 10:12:43.625043,3139.6,3141.4
2025-12-15 10:14:29.100189,3138.6,3141.3
2025-12-15 10:14:29.353970,3139.6,3141.4
2025-12-15 10:14:30.341529,3139.6,3142.3
2025-12-15 10:14:33.752516,3141.6,3143.4
2025-12-15 10:14:34.192587,3140.6,3143.3
2025-12-15 10:14:36.131224,3139.6,3142.3
2025-12-15 10:14:39.529542,3139.6,3141.4
2025-12-15 10:14:48.152598,3140.6,3142.4
2025-12-15 10:15:06.096309,3139.6,3141.4
2025-12-15 10:15:06.945367,3138.6,3141.3
2025-12-15 10:15:10.276843,3139.6,3141.4
2025-12-15 10:15:17.472642,3138.6,3141.3
2025-12-15 10:15:35.368992,3139.6,3141.4
2025-12-15 10:15:47.514137,3138.6,3141.3
2025-12-15 10:15:48.976011,3138.6,3140.4
2025-12-15 10:15:58.553546,3139.6,3141.4
2025-12-15 10:16:13.064085,3138.6,3141.3
2025-12-15 10:16:13.766093,3139.6,3141.4
2025-12-15 10:16:19.746395,3138.6,3141.3
2025-12-15 10:16:27.118960,3137.6,3140.3
2025-12-15 10:16:28.299308,3138.6,3140.4
2025-12-15 10:16:51.000171,3137.6,3139.4
2025-12-15 10:16:53.762434,3138.6,3140.4
2025-12-15 10:17:02.320797,3137.6,3140.3
2025-12-15 10:17:03.158977,3137.6,3139.4
2025-12-15 10:17:39.757545,3136.6,3139.3
2025-12-15 10:17:46.112824,3136.6,3138.4
2025-12-15 10:17:46.553176,3136.6,3139.3
2025-12-15 10:17:47.757514,3136.6,3138.4
2025-12-15 10:18:03.565973,3135.6,3138.3
2025-12-15 10:18:17.315281,3135.6,3137.4
2025-12-15 10:18:38.429566,3135.6,3138.3
2025-12-15 10:18:39.313257,3135.6,3137.4
2025-12-15 10:19:08.831780,3135.6,3138.3
2025-12-15 10:20:10.463817,3135.6,3137.4
2025-12-15 10:20:10.981843,3135.6,3138.3
2025-12-15 10:20:16.686546,3136.6,3139.3
2025-12-15 10:20:17.800009,3137.6,3140.3
2025-12-15 10:20:22.169242,3137.6,3139.4
2025-12-15 10:20:40.546361,3137.6,3140.3
2025-12-15 10:20:52.603617,3137.6,3139.4
2025-12-15 10:22:44.052685,3136.6,3139.3
2025-12-15 10:22:46.567046,3137.6,3139.4
2025-12-15 10:23:05.436052,3138.6,3140.4
2025-12-15 10:23:16.342657,3137.6,3140.3
2025-12-15 10:24:42.822964,3138.6,3140.4
2025-12-15 10:25:52.118352,3139.6,3141.4
2025-12-15 10:25:52.866207,3139.6,3142.3
2025-12-15 10:26:15.716961,3139.6,3141.4
2025-12-15 10:26:20.494520,3140.6,3142.4
2025-12-15 10:26:21.625103,3140.6,3143.3
2025-12-15 10:26:22.326813,3140.6,3142.4
2025-12-15 10:27:13.151719,3139.6,3141.4
2025-12-15 10:27:20.972639,3138.6,3141.3
2025-12-15 10:27:50.738265,3137.6,3139.4
2025-12-15 10:27:56.203716,3136.6,3138.4
2025-12-15 10:28:00.476583,3137.6,3139.4
2025-12-15 10:28:20.630342,3136.6,3139.3
2025-12-15 10:28:50.826477,3137.6,3140.3
2025-12-15 10:29:04.163525,3137.6,3139.4
2025-12-15 10:29:05.368045,3136.6,3139.3
2025-12-15 10:29:20.265158,3136.6,3138.4
2025-12-15 10:31:22.752430,3135.6,3138.3
2025-12-15 10:31:36.859526,3136.6,3138.4
2025-12-15 10:31:55.719129,3135.6,3137.4
2025-12-15 10:31:58.850429,3134.6,3136.4
2025-12-15 10:32:00.089331,3133.6,3136.3
2025-12-15 10:32:05.510590,3132.6,3135.3
2025-12-15 10:32:10.480472,3133.6,3135.4
2025-12-15 10:32:23.290938,3131.6,3134.3
2025-12-15 10:32:32.549383,3131.6,3133.4
2025-12-15 10:32:40.529798,3130.6,3132.4
2025-12-15 10:32:43.775531,3130.6,3133.3
2025-12-15 10:32:45.818322,3131.6,3133.4
2025-12-15 10:32:48.483597,3130.6,3133.3
2025-12-15 10:32:53.379929,3130.6,3132.4
2025-12-15 10:32:54.184207,3130.6,3133.3
2025-12-15 10:32:55.469003,3131.6,3133.4
2025-12-15 10:33:04.396652,3131.6,3134.3
2025-12-15 10:33:06.240945,3131.6,3133.4
2025-12-15 10:33:07.866986,3132.6,3134.4
2025-12-15 10:33:12.128159,3131.6,3134.3
2025-12-15 10:33:29.648653,3132.6,3134.4
2025-12-15 10:33:30.672852,3131.6,3134.3
2025-12-15 10:33:35.420197,3132.6,3134.4
2025-12-15 10:33:39.410589,3131.6,3133.4
2025-12-15 10:34:10.212153,3130.6,3133.3
2025-12-15 10:34:26.750346,3129.6,3131.4
2025-12-15 10:34:57.114518,3128.6,3130.4
2025-12-15 10:34:58.915062,3129.6,3131.4
2025-12-15 10:35:10.655156,3130.6,3132.4
2025-12-15 10:35:12.212749,3129.6,3131.4
2025-12-15 10:35:18.779645,3128.6,3131.3
2025-12-15 10:35:26.694638,3129.6,3131.4
2025-12-15 10:35:29.009557,3128.6,3131.3
2025-12-15 10:35:38.337598,3127.6,3130.3
2025-12-15 10:36:04.445176,3126.6,3129.3
2025-12-15 10:36:09.662840,3127.6,3129.4
2025-12-15 10:36:13.065605,3127.6,3130.3
2025-12-15 10:36:15.270530,3129.6,3131.4
2025-12-15 10:36:46.343212,3128.6,3131.3
2025-12-15 10:36:46.722317,3128.6,3130.4
2025-12-15 10:36:48.907279,3129.6,3131.4
2025-12-15 10:37:21.090711,3129.6,3132.3
2025-12-15 10:38:07.752286,3131.6,3133.4
2025-12-15 10:38:08.389954,3131.6,3134.3
2025-12-15 10:38:09.717430,3133.6,3135.4
2025-12-15 10:38:10.456157,3132.6,3135.3
2025-12-15 10:38:11.960596,3132.6,3134.4
2025-12-15 10:38:12.718683,3132.6,3135.3
2025-12-15 10:38:24.195590,3132.6,3134.4
2025-12-15 10:38:29.777195,3132.6,3135.3
2025-12-15 10:38:30.438373,3133.6,3135.4
2025-12-15 10:39:13.197807,3133.6,3136.3
2025-12-15 10:39:21.379466,3134.6,3137.3
2025-12-15 10:39:34.708028,3135.6,3138.3
2025-12-15 10:39:46.144085,3135.6,3137.4
2025-12-15 10:40:11.185627,3134.6,3137.3
2025-12-15 10:40:12.393732,3135.6,3138.3
2025-12-15 10:40:12.763792,3137.6,3139.4
2025-12-15 10:40:14.159737,3136.6,3138.4
2025-12-15 10:40:24.727771,3135.6,3138.3
2025-12-15 10:40:36.997719,3134.6,3136.4
2025-12-15 10:40:48.280306,3135.6,3137.4
2025-12-15 10:41:05.745754,3136.6,3138.4
2025-12-15 10:41:29.868557,3137.6,3139.4
2025-12-15 10:41:37.778953,3136.6,3138.4
2025-12-15 10:41:55.254238,3135.6,3138.3
2025-12-15 10:42:11.326986,3136.6,3138.4
2025-12-15 10:42:22.612873,3135.6,3138.3
2025-12-15 10:42:35.914457,3136.6,3138.4
2025-12-15 10:43:51.962870,3135.6,3138.3
2025-12-15 10:43:59.476588,3136.6,3138.4
2025-12-15 10:44:00.098117,3137.6,3139.4
2025-12-15 10:44:30.189762,3136.6,3139.3
2025-12-15 10:44:35.954358,3135.6,3138.3
2025-12-15 10:44:38.322976,3136.6,3138.4
2025-12-15 10:44:39.718795,3135.6,3138.3
2025-12-15 10:45:40.816516,3134.6,3136.4
2025-12-15 10:45:59.346883,3133.6,3136.3
2025-12-15 10:46:05.117377,3132.6,3134.4
2025-12-15 10:46:06.229836,3132.6,3135.3
2025-12-15 10:46:20.366644,3132.6,3134.4
2025-12-15 10:46:24.530398,3132.6,3135.3
2025-12-15 10:46:46.541825,3132.6,3134.4
2025-12-15 10:46:54.183941,3132.6,3135.3
2025-12-15 10:46:58.379776,3132.6,3134.4
2025-12-15 10:47:14.986899,3133.6,3135.4
2025-12-15 10:47:24.595043,3132.6,3134.4
2025-12-15 10:49:40.846031,3133.6,3135.4
2025-12-15 10:50:23.375361,3134.6,3136.4
2025-12-15 10:50:24.867794,3134.6,3137.3
2025-12-15 10:50:33.073105,3134.6,3136.4
2025-12-15 10:50:33.968231,3133.6,3136.3
2025-12-15 10:50:34.490367,3133.6,3135.4
2025-12-15 10:50:36.073897,3133.6,3136.3
2025-12-15 10:50:39.158765,3134.6,3136.4
2025-12-15 10:52:51.679169,3133.6,3136.3
2025-12-15 10:53:47.276778,3134.6,3136.4
2025-12-15 10:54:03.144387,3133.6,3135.4
2025-12-15 10:54:07.181853,3132.6,3134.4
2025-12-15 10:54:09.334122,3132.6,3135.3
2025-12-15 10:54:19.163522,3133.6,3136.3
2025-12-15 10:55:09.504995,3133.6,3135.4
2025-12-15 10:55:30.277984,3132.6,3134.4
2025-12-15 10:55:32.389813,3131.6,3133.4
2025-12-15 10:55:35.240568,3130.6,3132.4
2025-12-15 10:55:41.057755,3130.6,3133.3
2025-12-15 10:55:47.609755,3129.6,3131.4
2025-12-15 10:55:49.763896,3129.6,3132.3
2025-12-15 10:56:39.237637,3130.6,3133.3
2025-12-15 10:56:49.284821,3131.6,3134.3
2025-12-15 10:57:06.057449,3130.6,3133.3
2025-12-15 10:57:18.349168,3131.6,3133.4
2025-12-15 10:57:34.598336,3130.6,3132.4
2025-12-15 10:58:10.883792,3129.6,3131.4
2025-12-15 10:58:33.118500,3128.6,3130.4
2025-12-15 10:58:40.201987,3128.6,3131.3
2025-12-15 10:58:42.210810,3129.6,3131.4
2025-12-15 10:59:33.842606,3130.6,3132.4
2025-12-15 11:00:03.134773,3129.6,3132.3
2025-12-15 11:01:21.977321,3130.6,3132.4
2025-12-15 11:02:11.620686,3129.6,3132.3
2025-12-15 11:02:39.356044,3130.6,3132.4
2025-12-15 11:02:41.176032,3130.6,3133.3
2025-12-15 11:03:06.564323,3131.6,3133.4
2025-12-15 11:03:13.089172,3131.6,3134.3
2025-12-15 11:03:15.142912,3131.6,3133.4
2025-12-15 11:03:24.653196,3132.6,3134.4
2025-12-15 11:03:32.858204,3131.6,3134.3
2025-12-15 11:03:51.359751,3132.6,3134.4
2025-12-15 11:03:55.387709,3131.6,3133.4
2025-12-15 11:04:03.012323,3132.6,3134.4
2025-12-15 11:05:02.925481,3131.6,3134.3
2025-12-15 11:05:20.596027,3132.6,3134.4
2025-12-15 11:05:29.101816,3131.6,3134.3
2025-12-15 11:05:36.269165,3131.6,3133.4
2025-12-15 11:05:49.371023,3130.6,3133.3
2025-12-15 11:06:50.534321,3129.6,3132.3
2025-12-15 11:07:55.790457,3128.6,3131.3
2025-12-15 11:07:57.288693,3127.6,3130.3
2025-12-15 11:08:56.514377,3126.6,3129.3
2025-12-15 11:09:18.994394,3127.6,3129.4
2025-12-15 11:09:21.157535,3127.6,3130.3
2025-12-15 11:09:29.154862,3128.6,3131.3
2025-12-15 11:09:45.140557,3127.6,3130.3
2025-12-15 11:10:29.555360,3126.6,3128.4
2025-12-15 11:10:51.746308,3125.6,3128.3
2025-12-15 11:11:01.244780,3127.6,3129.4
2025-12-15 11:11:14.370620,3126.6,3128.4
2025-12-15 11:11:51.599612,3125.6,3127.4
2025-12-15 11:11:55.073674,3125.6,3128.3
2025-12-15 11:11:57.809489,3126.6,3128.4
2025-12-15 11:12:19.020571,3124.6,3126.4
2025-12-15 11:12:39.304038,3125.6,3127.4
2025-12-15 11:12:39.515882,3125.6,3128.3
2025-12-15 11:12:41.125151,3126.6,3129.3
2025-12-15 11:12:49.225615,3125.6,3128.3
2025-12-15 11:12:55.772468,3126.6,3128.4
2025-12-15 11:13:05.153682,3125.6,3128.3
2025-12-15 11:13:06.478083,3125.6,3127.4
2025-12-15 11:13:15.284847,3126.6,3128.4
2025-12-15 11:13:16.762679,3126.6,3129.3
2025-12-15 11:13:18.584675,3126.6,3128.4
2025-12-15 11:14:29.377583,3125.6,3127.4
2025-12-15 11:15:00.185442,3125.6,3128.3
2025-12-15 11:15:02.680560,3126.6,3129.3
2025-12-15 11:15:05.998143,3127.6,3130.3
2025-12-15 11:15:07.804897,3129.6,3131.4
2025-12-15 11:15:17.500041,3128.6,3131.3
2025-12-15 11:15:35.202710,3128.6,3130.4
2025-12-15 11:16:47.256395,3127.6,3129.4
2025-12-15 11:16:50.707931,3128.6,3131.3
2025-12-15 11:16:57.270096,3130.6,3132.4
2025-12-15 11:16:57.904531,3129.6,3132.3
2025-12-15 11:17:03.144761,3129.6,3131.4
2025-12-15 11:17:53.576252,3128.6,3131.3
2025-12-15 11:18:00.253636,3128.6,3130.4
2025-12-15 11:18:28.682947,3127.6,3130.3
2025-12-15 11:18:29.273284,3127.6,3129.4
2025-12-15 11:18:30.776367,3126.6,3129.3
2025-12-15 11:18:51.932998,3127.6,3130.3
2025-12-15 11:18:54.573330,3127.6,3129.4
2025-12-15 11:19:00.768312,3126.6,3129.3
2025-12-15 11:19:05.210237,3126.6,3128.4
2025-12-15 11:19:33.429934,3127.6,3129.4
2025-12-15 11:19:47.315888,3126.6,3129.3
2025-12-15 11:19:48.957079,3127.6,3129.4
2025-12-15 11:20:00.037678,3127.6,3130.3
2025-12-15 11:20:01.979899,3128.6,3131.3
2025-12-15 11:20:10.457802,3128.6,3130.4
2025-12-15 11:20:35.147767,3127.6,3130.3
2025-12-15 11:20:38.023535,3128.6,3130.4
2025-12-15 11:20:48.999147,3129.6,3131.4
2025-12-15 11:20:52.795839,3128.6,3130.4
2025-12-15 11:21:29.918436,3127.6,3130.3
2025-12-15 11:21:35.575973,3128.6,3130.4
2025-12-15 11:22:03.869131,3127.6,3130.3
2025-12-15 11:22:08.044518,3129.6,3131.4
2025-12-15 11:22:09.395806,3128.6,3130.4
2025-12-15 11:22:21.196529,3127.6,3130.3
2025-12-15 11:22:36.977923,3128.6,3130.4
2025-12-15 11:22:37.697162,3128.6,3131.3
2025-12-15 11:22:41.215744,3129.6,3131.4
2025-12-15 11:22:49.457703,3128.6,3131.3
2025-12-15 11:22:57.143398,3128.6,3130.4
2025-12-15 11:24:08.975677,3128.6,3131.3
2025-12-15 11:24:16.883802,3128.6,3130.4
2025-12-15 11:25:15.005252,3127.6,3130.3
2025-12-15 11:25:44.534921,3128.6,3131.3
2025-12-15 11:26:32.826247,3128.6,3130.4
2025-12-15 11:26:40.582770,3129.6,3132.3
2025-12-15 11:26:51.870696,3130.6,3132.4
2025-12-15 11:27:23.142662,3131.6,3133.4
2025-12-15 11:27:44.609583,3130.6,3133.3
2025-12-15 11:27:53.651983,3129.6,3132.3
2025-12-15 11:28:37.375646,3128.6,3131.3
2025-12-15 11:29:00.227700,3128.6,3130.4
2025-12-15 11:29:02.389800,3127.6,3130.3
2025-12-15 11:29:03.649336,3127.6,3129.4
2025-12-15 11:29:21.366675,3127.6,3130.3
2025-12-15 11:29:24.426775,3127.6,3129.4
2025-12-15 11:29:30.998607,3128.6,3130.4
2025-12-15 11:29:32.961864,3127.6,3129.4
2025-12-15 11:30:55.980528,3126.6,3129.3
2025-12-15 11:31:09.847791,3128.6,3130.4
2025-12-15 11:32:00.414397,3127.6,3129.4
2025-12-15 11:32:16.612728,3127.6,3130.3
2025-12-15 11:32:28.537044,3127.6,3129.4
2025-12-15 11:32:28.786658,3128.6,3130.4
2025-12-15 11:32:37.510995,3127.6,3130.3
2025-12-15 11:32:41.015640,3128.6,3130.4
2025-12-15 11:32:51.806865,3129.6,3131.4
2025-12-15 11:33:25.626473,3128.6,3131.3
2025-12-15 11:33:26.646816,3129.6,3131.4
2025-12-15 11:33:49.221454,3129.6,3132.3
2025-12-15 11:33:49.959688,3130.6,3133.3
2025-12-15 11:34:55.843813,3129.6,3132.3
2025-12-15 11:35:32.929828,3129.6,3131.4
2025-12-15 11:35:35.384136,3129.6,3132.3
2025-12-15 11:36:16.442559,3129.6,3131.4
2025-12-15 11:36:36.003203,3131.6,3133.4
2025-12-15 11:36:52.715828,3131.6,3134.3
2025-12-15 11:37:01.956260,3131.6,3133.4
2025-12-15 11:37:03.501901,3132.6,3134.4
2025-12-15 11:37:14.373655,3132.6,3135.3
2025-12-15 11:37:17.135599,3132.6,3134.4
2025-12-15 11:37:17.752512,3131.6,3134.3
2025-12-15 11:37:18.743100,3132.6,3134.4
2025-12-15 11:37:30.315934,3132.6,3135.3
2025-12-15 11:37:41.303153,3133.6,3135.4
2025-12-15 11:37:48.623029,3132.6,3135.3
2025-12-15 11:38:45.615357,3132.6,3134.4
2025-12-15 11:38:48.361961,3132.6,3135.3
2025-12-15 11:38:51.835787,3132.6,3134.4
2025-12-15 11:38:55.421488,3132.6,3135.3
2025-12-15 11:39:11.924776,3132.6,3134.4
2025-12-15 11:39:14.299536,3133.6,3135.4
2025-12-15 11:39:51.567463,3132.6,3135.3
2025-12-15 11:40:26.679206,3133.6,3135.4
2025-12-15 11:40:33.863942,3132.6,3134.4
2025-12-15 11:40:37.505941,3132.6,3135.3
2025-12-15 11:40:39.014208,3132.6,3134.4
2025-12-15 11:41:09.415260,3132.6,3135.3
2025-12-15 11:41:24.920622,3134.6,3136.4
2025-12-15 11:41:28.635614,3134.6,3137.3
2025-12-15 11:41:43.922169,3134.6,3136.4
2025-12-15 11:41:52.016221,3134.6,3137.3
2025-12-15 11:42:24.027908,3135.6,3138.3
2025-12-15 11:42:24.952791,3136.6,3138.4
2025-12-15 11:42:36.316470,3136.6,3139.3
2025-12-15 11:42:45.395530,3136.6,3138.4
2025-12-15 11:43:55.161000,3135.6,3138.3
2025-12-15 11:43:57.399527,3136.6,3138.4
2025-12-15 11:45:07.203675,3137.6,3139.4
2025-12-15 11:45:44.409441,3136.6,3138.4
2025-12-15 11:45:45.043165,3137.6,3139.4
2025-12-15 11:45:53.922620,3136.6,3138.4
2025-12-15 11:46:59.822547,3135.6,3138.3
2025-12-15 11:47:20.422623,3135.6,3137.4
2025-12-15 11:48:03.418213,3135.6,3138.3
2025-12-15 11:48:22.365908,3137.6,3139.4
2025-12-15 11:49:12.603439,3136.6,3138.4
2025-12-15 11:50:02.818019,3136.6,3139.3
2025-12-15 11:50:26.517735,3137.6,3140.3
2025-12-15 11:50:28.373241,3138.6,3140.4
2025-12-15 12:15:32.440397,3135.6,3138.3
2025-12-15 12:15:46.315977,3135.6,3137.4
2025-12-15 12:16:43.999295,3136.6,3138.4
2025-12-15 12:16:49.449877,3135.6,3138.3
2025-12-15 12:17:51.101532,3134.6,3136.4
2025-12-15 12:18:05.576213,3135.6,3138.3
2025-12-15 12:19:02.952106,3136.6,3139.3
2025-12-15 12:19:29.567004,3136.6,3138.4
2025-12-15 12:19:45.343260,3136.6,3139.3
2025-12-15 12:19:50.341252,3136.6,3138.4
2025-12-15 12:20:24.847252,3136.6,3139.3
2025-12-15 12:20:45.856857,3136.6,3138.4
2025-12-15 12:22:37.741504,3136.6,3139.3
2025-12-15 12:22:42.380604,3137.6,3139.4
2025-12-15 12:23:17.704945,3136.6,3139.3
2025-12-15 12:23:50.035811,3135.6,3138.3
2025-12-15 12:24:01.735059,3134.6,3136.4
2025-12-15 12:24:05.991734,3136.6,3138.4
2025-12-15 12:24:07.009074,3135.6,3138.3
2025-12-15 12:24:30.104588,3135.6,3137.4
2025-12-15 12:24:31.094464,3136.6,3138.4
2025-12-15 12:24:39.745404,3135.6,3137.4
2025-12-15 12:25:12.851034,3134.6,3137.3
2025-12-15 12:25:30.730059,3134.6,3136.4
2025-12-15 12:25:50.893506,3134.6,3137.3
2025-12-15 12:26:30.705086,3135.6,3137.4
2025-12-15 12:26:32.800464,3134.6,3137.3
2025-12-15 12:27:10.991118,3134.6,3136.4
2025-12-15 12:27:32.911892,3134.6,3137.3
2025-12-15 12:27:33.690997,3135.6,3137.4
2025-12-15 12:27:45.098756,3134.6,3137.3
2025-12-15 12:28:03.669898,3133.6,3136.3
2025-12-15 12:28:04.581645,3131.6,3133.4
2025-12-15 12:28:09.099305,3130.6,3132.4
2025-12-15 12:28:14.517675,3131.6,3133.4
2025-12-15 12:28:15.320537,3132.6,3134.4
2025-12-15 12:28:36.214141,3130.6,3133.3
2025-12-15 12:29:05.181550,3131.6,3133.4
2025-12-15 12:29:26.137978,3131.6,3134.3
2025-12-15 12:29:53.071207,3131.6,3133.4
2025-12-15 12:30:57.795810,3130.6,3133.3
2025-12-15 12:30:58.733852,3131.6,3133.4
2025-12-15 12:31:09.359953,3130.6,3133.3
2025-12-15 12:31:25.818481,3131.6,3134.3
2025-12-15 12:31:26.826726,3132.6,3135.3
2025-12-15 12:31:29.067973,3132.6,3134.4
2025-12-15 12:31:42.937546,3131.6,3134.3
2025-12-15 12:31:59.231379,3132.6,3134.4
2025-12-15 12:32:00.722919,3131.6,3133.4
2025-12-15 12:32:01.973714,3132.6,3134.4
2025-12-15 12:32:03.547114,3131.6,3134.3
2025-12-15 12:32:04.093014,3131.6,3133.4
2025-12-15 12:32:05.603309,3131.6,3134.3
2025-12-15 12:32:21.728912,3131.6,3133.4
2025-12-15 12:32:32.336333,3131.6,3134.3
2025-12-15 12:33:03.204450,3130.6,3133.3
2025-12-15 12:33:37.038087,3132.6,3134.4
2025-12-15 12:34:07.467463,3130.6,3132.4
2025-12-15 12:34:11.387341,3130.6,3133.3
2025-12-15 12:34:12.787093,3131.6,3133.4
2025-12-15 12:34:20.116904,3131.6,3134.3
2025-12-15 12:34:36.647181,3130.6,3133.3
2025-12-15 12:35:10.403358,3130.6,3132.4
2025-12-15 12:35:14.741363,3130.6,3133.3
2025-12-15 12:35:56.047801,3132.6,3134.4
2025-12-15 12:36:16.713689,3131.6,3134.3
2025-12-15 12:36:20.862199,3131.6,3133.4
2025-12-15 12:37:01.970878,3130.6,3133.3
2025-12-15 12:39:53.491642,3130.6,3132.4
2025-12-15 12:40:29.458223,3130.6,3133.3
2025-12-15 12:41:20.088818,3130.6,3132.4
2025-12-15 12:41:21.339091,3131.6,3134.3
2025-12-15 12:42:16.314885,3133.6,3135.4
2025-12-15 12:42:32.646476,3132.6,3134.4
2025-12-15 12:42:46.144606,3133.6,3135.4
2025-12-15 12:43:33.955786,3132.6,3135.3
2025-12-15 12:43:50.396489,3134.6,3136.4
2025-12-15 12:44:25.988095,3133.6,3136.3
2025-12-15 12:44:34.173600,3133.6,3135.4
2025-12-15 12:45:00.867483,3133.6,3136.3
2025-12-15 12:46:40.663865,3134.6,3137.3
2025-12-15 12:48:35.006315,3135.6,3138.3
2025-12-15 12:48:37.713470,3135.6,3137.4
2025-12-15 12:48:43.342115,3136.6,3138.4
2025-12-15 12:49:20.355828,3135.6,3138.3
2025-12-15 12:49:23.683518,3135.6,3137.4
2025-12-15 12:49:38.611118,3136.6,3138.4
2025-12-15 12:49:43.636381,3136.6,3139.3
2025-12-15 12:49:44.123768,3137.6,3140.3
2025-12-15 12:50:21.703655,3137.6,3139.4
2025-12-15 12:50:24.938958,3138.6,3140.4
2025-12-15 12:50:43.671898,3137.6,3140.3
2025-12-15 12:50:46.088271,3138.6,3140.4
2025-12-15 12:50:58.748246,3137.6,3139.4
2025-12-15 12:51:00.590225,3137.6,3140.3
2025-12-15 12:52:33.559276,3136.6,3139.3
2025-12-15 12:52:39.006229,3135.6,3137.4
2025-12-15 12:52:40.001367,3136.6,3138.4
2025-12-15 12:52:49.828924,3135.6,3137.4
2025-12-15 12:53:11.036129,3135.6,3138.3
2025-12-15 12:53:12.102779,3137.6,3139.4
2025-12-15 12:53:14.989171,3136.6,3138.4
2025-12-15 12:53:55.254489,3135.6,3137.4
2025-12-15 12:54:34.630862,3135.6,3138.3
2025-12-15 12:55:15.904889,3135.6,3137.4
2025-12-15 12:56:11.128412,3136.6,3138.4
2025-12-15 12:56:16.533415,3137.6,3139.4
2025-12-15 12:57:42.924694,3137.6,3140.3
2025-12-15 12:58:46.419956,3139.6,3141.4
2025-12-15 12:58:48.136108,3138.6,3140.4
2025-12-15 12:59:14.034190,3137.6,3140.3
2025-12-15 12:59:44.518189,3138.6,3140.4
2025-12-15 12:59:58.381643,3139.6,3141.4
2025-12-15 13:00:12.100732,3138.6,3140.4
2025-12-15 13:00:16.731853,3139.6,3141.4
2025-12-15 13:01:11.775943,3140.6,3142.4
2025-12-15 13:01:27.617565,3139.6,3142.3
2025-12-15 13:01:28.380766,3140.6,3142.4
2025-12-15 13:01:59.752479,3139.6,3142.3
2025-12-15 13:02:01.757779,3140.6,3143.3
2025-12-15 13:02:45.073904,3139.6,3142.3
2025-12-15 13:02:45.991576,3140.6,3142.4
2025-12-15 13:03:19.010428,3139.6,3141.4
2025-12-15 13:03:29.730541,3139.6,3142.3
2025-12-15 13:03:30.715446,3139.6,3141.4
2025-12-15 13:03:31.148310,3139.6,3142.3
2025-12-15 13:04:49.472546,3141.6,3143.4
2025-12-15 13:05:14.306323,3141.6,3144.3
2025-12-15 13:05:23.585800,3142.6,3145.3
2025-12-15 13:07:00.799855,3141.6,3143.4
2025-12-15 13:07:39.161575,3141.6,3144.3
2025-12-15 13:08:24.097048,3143.6,3145.4
2025-12-15 13:09:10.780210,3141.6,3143.4
2025-12-15 13:11:13.229450,3141.6,3144.3
2025-12-15 13:11:42.592336,3142.6,3144.4
2025-12-15 13:12:28.561494,3143.6,3145.4
2025-12-15 13:12:58.981107,3144.6,3146.4
2025-12-15 13:13:06.157452,3144.6,3147.3
2025-12-15 13:15:21.658132,3145.6,3148.3
2025-12-15 13:15:26.872553,3145.6,3147.4
2025-12-15 13:15:27.930379,3145.6,3148.3
2025-12-15 13:15:38.058101,3146.6,3148.4
2025-12-15 13:16:27.917061,3145.6,3148.3
2025-12-15 13:16:31.743540,3146.6,3148.4
2025-12-15 13:16:48.684681,3147.6,3149.4
2025-12-15 13:18:44.646055,3147.6,3150.3
2025-12-15 13:18:45.142336,3148.6,3150.4
2025-12-15 13:18:49.530134,3147.6,3150.3
2025-12-15 13:20:07.819022,3146.6,3149.3
2025-12-15 13:20:08.197776,3146.6,3148.4
2025-12-15 13:20:21.332638,3146.6,3149.3
2025-12-15 13:20:26.315985,3147.6,3149.4
2025-12-15 13:20:29.443978,3146.6,3149.3
2025-12-15 13:20:30.661970,3147.6,3149.4
2025-12-15 13:20:31.831170,3146.6,3148.4
2025-12-15 13:20:59.502684,3145.6,3148.3
2025-12-15 13:21:05.046405,3144.6,3147.3
2025-12-15 13:21:23.083588,3143.6,3146.3
2025-12-15 13:21:23.735797,3143.6,3145.4
2025-12-15 13:21:28.756577,3142.6,3145.3
2025-12-15 13:22:20.801965,3143.6,3146.3
2025-12-15 13:22:22.104756,3143.6,3145.4
2025-12-15 13:22:24.697135,3143.6,3146.3
2025-12-15 13:23:07.849837,3142.6,3145.3
2025-12-15 13:23:16.733262,3143.6,3145.4
2025-12-15 13:23:28.591036,3143.6,3146.3
2025-12-15 13:23:33.706760,3144.6,3147.3
2025-12-15 13:24:01.850842,3144.6,3146.4
2025-12-15 13:25:07.653674,3144.6,3147.3
2025-12-15 13:25:12.774461,3145.6,3147.4
2025-12-15 13:25:34.832393,3146.6,3148.4
2025-12-15 13:25:54.068897,3145.6,3148.3
2025-12-15 13:26:44.393173,3144.6,3146.4
2025-12-15 13:26:53.365676,3144.6,3147.3
2025-12-15 13:27:26.923141,3144.6,3146.4
2025-12-15 13:27:50.219052,3145.6,3148.3
2025-12-15 13:27:50.537309,3145.6,3147.4
2025-12-15 13:28:12.162437,3144.6,3147.3
2025-12-15 13:28:12.488072,3144.6,3146.4
2025-12-15 13:28:13.829612,3144.6,3147.3
2025-12-15 13:28:20.822072,3144.6,3146.4
2025-12-15 13:28:26.638008,3145.6,3147.4
2025-12-15 13:28:30.220902,3144.6,3147.3
2025-12-15 13:28:33.170896,3144.6,3146.4
2025-12-15 13:29:15.502794,3144.6,3147.3
2025-12-15 13:29:26.969270,3144.6,3148.3
2025-12-15 13:30:25.279183,3144.6,3146.4
2025-12-15 13:30:25.933837,3145.6,3147.4
2025-12-15 13:31:22.017438,3145.6,3148.3
2025-12-15 13:31:46.165171,3146.6,3148.4
2025-12-15 13:32:21.767887,3145.6,3148.3
2025-12-15 13:32:27.558316,3146.6,3148.4
2025-12-15 13:32:33.481925,3147.6,3150.3
2025-12-15 13:32:34.645295,3148.6,3150.4
2025-12-15 13:32:36.409914,3147.6,3150.3
2025-12-15 13:33:05.549370,3146.6,3148.4
2025-12-15 13:33:19.608499,3145.6,3148.3
2025-12-15 13:33:21.489364,3145.6,3147.4
2025-12-15 13:33:24.503631,3146.6,3148.4
2025-12-15 13:33:59.158294,3146.6,3149.3
2025-12-15 13:34:03.895795,3147.6,3149.4
2025-12-15 13:34:12.200190,3146.6,3148.4
2025-12-15 13:34:32.021144,3145.6,3148.3
2025-12-15 13:34:38.212186,3146.6,3148.4
2025-12-15 13:35:37.510395,3145.6,3148.3
2025-12-15 13:35:40.790981,3145.6,3147.4
2025-12-15 13:35:41.004918,3145.6,3148.3
2025-12-15 13:36:29.251883,3145.6,3147.4
2025-12-15 13:37:06.204148,3144.6,3146.4
2025-12-15 13:37:16.899158,3143.6,3146.3
2025-12-15 13:37:17.624723,3143.6,3145.4
2025-12-15 13:37:20.985569,3144.6,3146.4
2025-12-15 13:37:22.967542,3145.6,3147.4
2025-12-15 13:37:31.377448,3144.6,3146.4
2025-12-15 13:38:31.269895,3145.6,3147.4
2025-12-15 13:39:19.237823,3143.6,3145.4
2025-12-15 13:39:58.257875,3144.6,3146.4
2025-12-15 13:40:00.743261,3143.6,3146.3
2025-12-15 13:40:01.595260,3144.6,3146.4
2025-12-15 13:40:42.113069,3143.6,3146.3
2025-12-15 13:41:34.479864,3145.6,3147.4
2025-12-15 13:41:39.470211,3144.6,3146.4
2025-12-15 13:42:34.966057,3143.6,3146.3
2025-12-15 13:42:36.973770,3143.6,3145.4
2025-12-15 13:42:37.931904,3143.6,3146.3
2025-12-15 13:43:08.543958,3143.6,3145.4
2025-12-15 13:43:29.454335,3143.6,3146.3
2025-12-15 13:43:43.113564,3144.6,3146.4
2025-12-15 13:43:44.652593,3143.6,3146.3
2025-12-15 13:44:32.049106,3143.6,3145.4
2025-12-15 13:44:42.005182,3143.6,3146.3
2025-12-15 13:44:47.067451,3143.6,3145.4
2025-12-15 13:45:28.387245,3142.6,3145.3
2025-12-15 13:46:02.192869,3142.6,3144.4
2025-12-15 13:46:48.933118,3144.6,3146.4
2025-12-15 13:46:55.107072,3143.6,3146.3
2025-12-15 13:47:11.621765,3144.6,3147.3
2025-12-15 13:47:12.683460,3144.6,3146.4
2025-12-15 13:47:37.638302,3143.6,3145.4
2025-12-15 13:47:50.968693,3142.6,3145.3
2025-12-15 13:48:20.891966,3143.6,3145.4
2025-12-15 13:48:39.527976,3142.6,3144.4
2025-12-15 13:48:58.701806,3142.6,3145.3
2025-12-15 13:49:01.661303,3142.6,3144.4
2025-12-15 13:49:35.654902,3141.6,3144.3
2025-12-15 13:49:36.075468,3142.6,3144.4
2025-12-15 13:49:36.853286,3141.6,3144.3
2025-12-15 13:52:33.760266,3141.6,3143.4
2025-12-15 13:52:40.838721,3140.6,3142.4
2025-12-15 13:52:54.093365,3141.6,3143.4
2025-12-15 13:52:55.293159,3140.6,3143.3
2025-12-15 13:53:15.107391,3140.6,3142.4
2025-12-15 13:53:28.508280,3139.6,3142.3
2025-12-15 13:53:31.961563,3138.6,3140.4
2025-12-15 13:53:33.031134,3138.6,3141.3
2025-12-15 13:53:40.649357,3138.6,3140.4
2025-12-15 13:54:29.280377,3137.6,3140.3
2025-12-15 13:54:40.702656,3138.6,3140.4
2025-12-15 13:54:53.113286,3138.6,3141.3
2025-12-15 13:54:56.817110,3139.6,3142.3
2025-12-15 13:55:09.187213,3138.6,3141.3
2025-12-15 13:55:13.497339,3139.6,3141.4
2025-12-15 13:55:21.733515,3138.6,3141.3
2025-12-15 13:55:22.902657,3139.6,3141.4
2025-12-15 13:55:39.740693,3138.6,3141.3
2025-12-15 13:56:00.959345,3137.6,3140.3
2025-12-15 13:56:02.988654,3138.6,3140.4
2025-12-15 13:56:05.208874,3137.6,3139.4
2025-12-15 13:56:34.986751,3137.6,3140.3
2025-12-15 13:56:50.188682,3137.6,3139.4
2025-12-15 13:56:51.260708,3137.6,3140.3
2025-12-15 13:56:55.741327,3137.6,3139.4
2025-12-15 13:56:59.581736,3136.6,3139.3
2025-12-15 13:57:11.645272,3137.6,3139.4
2025-12-15 13:57:24.020634,3136.6,3139.3
2025-12-15 13:57:25.341997,3135.6,3138.3
2025-12-15 13:57:26.930187,3135.6,3137.4
2025-12-15 13:57:48.041713,3136.6,3138.4
2025-12-15 13:58:28.263588,3137.6,3139.4
2025-12-15 13:58:30.796508,3136.6,3139.3
2025-12-15 13:58:33.257850,3136.6,3138.4
2025-12-15 13:58:37.884557,3136.6,3139.3
2025-12-15 13:58:39.252075,3136.6,3138.4
2025-12-15 13:58:43.925381,3137.6,3139.4
2025-12-15 13:58:47.688579,3136.6,3138.4
2025-12-15 13:59:00.768885,3135.6,3138.3
2025-12-15 13:59:01.980020,3135.6,3137.4
2025-12-15 13:59:10.702043,3135.6,3138.3
2025-12-15 13:59:12.626820,3137.6,3139.4
2025-12-15 13:59:48.587127,3135.6,3138.3
2025-12-15 13:59:49.919365,3136.6,3138.4
2025-12-15 13:59:51.906849,3135.6,3138.3
2025-12-15 14:00:08.378600,3134.6,3137.3
2025-12-15 14:00:30.383352,3133.6,3135.4
2025-12-15 14:00:47.528892,3133.6,3136.3
2025-12-15 14:01:02.419374,3132.6,3135.3
2025-12-15 14:01:06.019486,3132.6,3134.4
2025-12-15 14:01:11.404804,3132.6,3135.3
2025-12-15 14:01:12.112835,3131.6,3134.3
2025-12-15 14:01:16.500488,3132.6,3134.4
2025-12-15 14:01:32.513834,3132.6,3135.3
2025-12-15 14:01:41.066155,3132.6,3134.4
2025-12-15 14:02:26.684600,3131.6,3134.3
2025-12-15 14:02:33.476700,3130.6,3133.3
2025-12-15 14:02:56.214243,3132.6,3134.4
2025-12-15 14:03:26.241944,3132.6,3135.3
2025-12-15 14:03:29.412177,3132.6,3134.4
2025-12-15 14:03:31.032365,3133.6,3135.4
2025-12-15 14:03:35.719191,3132.6,3135.3
2025-12-15 14:03:36.607668,3133.6,3135.4
2025-12-15 14:03:45.812956,3132.6,3134.4
2025-12-15 14:04:06.069574,3131.6,3134.3
2025-12-15 14:04:25.226706,3131.6,3133.4
2025-12-15 14:04:28.539179,3131.6,3134.3
2025-12-15 14:04:29.979170,3132.6,3134.4
2025-12-15 14:05:01.445074,3132.6,3135.3
2025-12-15 14:05:03.873678,3133.6,3136.3
2025-12-15 14:05:07.412420,3134.6,3136.4
2025-12-15 14:05:30.742525,3133.6,3136.3
2025-12-15 14:05:35.755390,3134.6,3136.4
2025-12-15 14:05:40.453452,3133.6,3135.4
2025-12-15 14:05:50.701789,3133.6,3136.3
2025-12-15 14:06:13.215511,3132.6,3135.3
2025-12-15 14:06:21.320581,3131.6,3134.3
2025-12-15 14:06:27.444637,3132.6,3134.4
2025-12-15 14:07:07.165156,3131.6,3134.3
2025-12-15 14:07:25.936500,3132.6,3134.4
2025-12-15 14:07:27.921962,3131.6,3134.3
2025-12-15 14:07:31.925586,3130.6,3132.4
2025-12-15 14:07:33.498350,3130.6,3133.3
2025-12-15 14:07:34.624746,3131.6,3133.4
2025-12-15 14:08:00.597454,3130.6,3133.3
2025-12-15 14:08:08.296953,3129.6,3132.3
2025-12-15 14:08:14.930756,3128.6,3130.4
2025-12-15 14:08:16.865826,3128.6,3131.3
2025-12-15 14:08:26.996005,3128.6,3130.4
2025-12-15 14:08:30.869979,3128.6,3131.3
2025-12-15 14:08:32.924237,3128.6,3130.4
2025-12-15 14:09:31.160765,3128.6,3131.3
2025-12-15 14:09:36.748449,3130.6,3132.4
2025-12-15 14:09:50.525623,3129.6,3132.3
2025-12-15 14:10:01.550075,3130.6,3133.3
2025-12-15 14:10:07.142755,3130.6,3132.4
2025-12-15 14:10:32.317479,3130.6,3133.3
2025-12-15 14:10:41.376332,3131.6,3133.4
2025-12-15 14:10:41.677706,3131.6,3134.3
2025-12-15 14:10:46.118487,3132.6,3134.4
2025-12-15 14:10:46.864536,3131.6,3134.3
2025-12-15 14:10:47.387628,3131.6,3133.4
2025-12-15 14:10:56.539357,3131.6,3134.3
2025-12-15 14:11:08.743909,3131.6,3133.4
2025-12-15 14:11:14.094868,3132.6,3134.4
2025-12-15 14:11:16.644097,3131.6,3134.3
2025-12-15 14:11:17.323741,3132.6,3134.4
2025-12-15 14:11:31.308019,3131.6,3134.3
2025-12-15 14:11:46.475938,3133.6,3135.4
2025-12-15 14:12:11.089392,3132.6,3135.3
2025-12-15 14:12:12.367336,3133.6,3135.4
2025-12-15 14:12:24.458798,3132.6,3135.3
2025-12-15 14:12:25.951345,3132.6,3134.4
2025-12-15 14:12:27.459361,3132.6,3135.3
2025-12-15 14:12:57.515063,3132.6,3134.4
2025-12-15 14:12:58.107106,3133.6,3135.4
2025-12-15 14:13:06.739255,3133.6,3136.3
2025-12-15 14:13:07.402765,3133.6,3135.4
2025-12-15 14:13:10.850923,3134.6,3136.4
2025-12-15 14:13:18.354919,3134.6,3137.3
2025-12-15 14:13:27.039003,3135.6,3137.4
2025-12-15 14:13:33.377949,3135.6,3138.3
2025-12-15 14:13:55.462551,3136.6,3139.3
2025-12-15 14:14:21.830452,3136.6,3138.4
2025-12-15 14:15:06.373720,3137.6,3140.3
2025-12-15 14:15:07.766380,3138.6,3141.3
2025-12-15 14:15:27.964565,3138.6,3140.4
2025-12-15 14:15:52.309607,3139.6,3142.3
2025-12-15 14:16:21.756932,3139.6,3141.4
2025-12-15 14:16:22.224713,3138.6,3141.3
2025-12-15 14:16:24.739362,3139.6,3141.4
2025-12-15 14:16:31.750619,3138.6,3141.3
2025-12-15 14:16:32.493668,3139.6,3141.4
2025-12-15 14:16:45.113376,3139.6,3142.3
2025-12-15 14:16:48.432129,3139.6,3141.4
2025-12-15 14:16:55.642236,3138.6,3141.3
2025-12-15 14:17:11.804329,3139.6,3141.4
2025-12-15 14:17:31.906400,3139.6,3142.3
2025-12-15 14:17:40.294418,3139.6,3141.4
2025-12-15 14:18:02.087147,3139.6,3142.3
2025-12-15 14:18:02.551090,3141.6,3143.4
2025-12-15 14:18:36.054560,3140.6,3143.3
2025-12-15 14:18:50.099067,3139.6,3142.3
2025-12-15 14:18:50.610441,3140.6,3142.4
2025-12-15 14:19:08.149949,3139.6,3141.4
2025-12-15 14:19:10.015107,3139.6,3142.3
2025-12-15 14:19:24.520363,3138.6,3141.3
2025-12-15 14:19:49.919942,3139.6,3141.4
2025-12-15 14:19:53.846608,3138.6,3140.4
2025-12-15 14:19:57.769887,3138.6,3141.3
2025-12-15 14:20:01.835488,3138.6,3140.4
2025-12-15 14:20:10.962809,3138.6,3141.3
2025-12-15 14:20:12.017038,3138.6,3140.4
2025-12-15 14:20:29.388710,3138.6,3141.3
2025-12-15 14:20:33.455916,3137.6,3140.3
2025-12-15 14:20:36.500096,3137.6,3139.4
2025-12-15 14:20:55.477270,3137.6,3140.3
2025-12-15 14:22:01.221381,3136.6,3138.4
2025-12-15 14:22:09.927797,3136.6,3139.3
2025-12-15 14:22:32.279628,3137.6,3139.4
2025-12-15 14:22:33.688488,3136.6,3139.3
2025-12-15 14:22:43.998136,3136.6,3138.4
2025-12-15 14:22:48.094232,3136.6,3139.3
2025-12-15 14:22:50.832333,3136.6,3138.4
2025-12-15 14:23:14.698350,3137.6,3139.4
2025-12-15 14:23:24.276202,3136.6,3138.4
2025-12-15 14:23:38.052736,3136.6,3139.3
2025-12-15 14:23:43.943420,3137.6,3140.3
2025-12-15 14:23:51.163695,3137.6,3139.4
2025-12-15 14:24:14.012558,3137.6,3140.3
2025-12-15 14:24:18.792654,3138.6,3141.3
2025-12-15 14:24:48.075134,3138.6,3140.4
2025-12-15 14:24:52.300362,3139.6,3142.3
2025-12-15 14:24:58.118145,3139.6,3141.4
2025-12-15 14:24:58.913899,3139.6,3142.3
2025-12-15 14:25:22.158074,3138.6,3141.3
2025-12-15 14:25:22.880998,3139.6,3141.4
2025-12-15 14:25:26.245673,3140.6,3142.4
2025-12-15 14:25:29.194200,3139.6,3141.4
2025-12-15 14:25:39.510832,3139.6,3142.3
2025-12-15 14:25:42.275156,3139.6,3141.4
2025-12-15 14:25:44.210989,3140.6,3142.4
2025-12-15 14:25:47.827542,3139.6,3142.3
2025-12-15 14:25:56.873065,3139.6,3141.4
2025-12-15 14:25:57.691631,3139.6,3142.3
2025-12-15 14:26:01.276221,3139.6,3141.4
2025-12-15 14:26:33.605084,3139.6,3142.3
2025-12-15 14:26:54.621589,3139.6,3141.4
2025-12-15 14:27:54.305470,3138.6,3141.3
2025-12-15 14:28:03.432314,3139.6,3142.3
2025-12-15 14:28:19.834405,3139.6,3141.4
2025-12-15 14:29:02.033413,3139.6,3142.3
2025-12-15 14:30:05.155073,3139.6,3141.4
2025-12-15 14:30:11.439272,3139.6,3142.3
2025-12-15 14:30:26.115578,3139.6,3141.4
2025-12-15 14:30:32.934216,3140.6,3142.4
2025-12-15 14:30:33.837369,3139.6,3141.4
2025-12-15 14:30:38.482059,3139.6,3142.3
2025-12-15 14:30:43.815965,3139.6,3141.4
2025-12-15 14:30:50.666149,3140.6,3142.4
2025-12-15 14:30:59.863639,3139.6,3142.3
2025-12-15 14:31:15.255897,3139.6,3141.4
2025-12-15 14:31:17.434669,3138.6,3140.4
2025-12-15 14:31:19.737723,3137.6,3140.3
2025-12-15 14:31:23.645790,3136.6,3139.3
2025-12-15 14:31:38.043781,3135.6,3137.4
2025-12-15 14:31:38.969105,3136.6,3138.4
2025-12-15 14:31:48.080803,3135.6,3137.4
2025-12-15 14:32:04.531899,3136.6,3139.3
2025-12-15 14:32:25.589368,3137.6,3139.4
2025-12-15 14:32:26.144014,3135.6,3137.4
2025-12-15 14:32:26.627414,3135.6,3138.3
2025-12-15 14:32:33.394249,3135.6,3137.4
2025-12-15 14:33:07.279796,3135.6,3138.3
2025-12-15 14:33:10.663016,3135.6,3137.4
2025-12-15 14:33:20.392117,3134.6,3137.3
2025-12-15 14:33:29.006560,3133.6,3136.3
2025-12-15 14:33:57.315186,3133.6,3135.4
2025-12-15 14:33:58.383301,3133.6,3136.3
2025-12-15 14:34:05.806923,3133.6,3135.4
2025-12-15 14:34:32.914034,3132.6,3134.4
2025-12-15 14:34:34.037674,3133.6,3135.4
2025-12-15 14:34:41.640205,3132.6,3134.4
2025-12-15 14:35:05.044611,3133.6,3135.4
2025-12-15 14:35:14.516928,3132.6,3134.4
2025-12-15 14:35:18.516873,3133.6,3135.4
2025-12-15 14:35:21.134547,3132.6,3134.4
2025-12-15 14:35:26.882763,3132.6,3135.3
2025-12-15 14:35:34.102843,3132.6,3134.4
2025-12-15 14:35:56.522365,3132.6,3135.3
2025-12-15 14:36:02.115443,3134.6,3136.4
2025-12-15 14:36:48.794779,3135.6,3137.4
2025-12-15 14:36:49.935711,3134.6,3137.3
2025-12-15 14:36:53.985605,3135.6,3137.4
2025-12-15 14:37:00.287984,3134.6,3137.3
2025-12-15 14:37:12.197168,3135.6,3137.4
2025-12-15 14:37:55.608505,3135.6,3138.3
2025-12-15 14:38:29.690727,3135.6,3137.4
2025-12-15 14:39:04.025204,3134.6,3137.3
2025-12-15 14:39:08.149327,3134.6,3136.4
2025-12-15 14:39:13.323689,3133.6,3136.3
2025-12-15 14:40:06.825216,3134.6,3136.4
2025-12-15 14:40:33.455032,3133.6,3136.3
2025-12-15 14:41:06.436534,3132.6,3135.3
2025-12-15 14:41:06.880072,3131.6,3134.3
2025-12-15 14:41:15.287765,3132.6,3134.4
2025-12-15 14:41:19.950391,3131.6,3134.3
2025-12-15 14:41:37.219423,3132.6,3134.4
2025-12-15 14:41:47.344814,3133.6,3135.4
2025-12-15 14:41:51.825168,3133.6,3136.3
2025-12-15 14:41:59.045242,3133.6,3135.4
2025-12-15 14:42:18.425674,3133.6,3136.3
2025-12-15 14:42:28.455008,3134.6,3136.4
2025-12-15 14:42:30.001201,3133.6,3136.3
2025-12-15 14:42:41.144761,3134.6,3136.4
2025-12-15 14:42:50.072751,3133.6,3136.3
2025-12-15 14:43:00.344219,3132.6,3135.3
2025-12-15 14:43:24.029320,3131.6,3133.4
2025-12-15 14:43:29.971810,3131.6,3134.3
2025-12-15 14:43:30.546167,3131.6,3133.4
2025-12-15 14:44:00.100298,3131.6,3134.3
2025-12-15 14:44:01.225817,3132.6,3134.4
2025-12-15 14:44:05.271823,3131.6,3134.3
2025-12-15 14:44:06.262927,3131.6,3133.4
2025-12-15 14:44:07.224326,3131.6,3134.3
2025-12-15 14:45:04.674191,3131.6,3133.4
2025-12-15 14:45:05.763451,3131.6,3134.3
2025-12-15 14:45:06.918257,3133.6,3135.4
2025-12-15 14:45:57.461049,3131.6,3134.3
2025-12-15 14:45:58.352475,3132.6,3134.4
2025-12-15 14:46:05.466865,3131.6,3134.3
2025-12-15 14:46:08.902539,3130.6,3133.3
2025-12-15 14:46:13.474511,3131.6,3133.4
2025-12-15 14:46:16.301275,3130.6,3133.3
2025-12-15 14:46:22.785086,3130.6,3132.4
2025-12-15 14:46:29.198186,3130.6,3133.3
2025-12-15 14:46:32.348670,3130.6,3132.4
2025-12-15 14:46:35.003881,3131.6,3133.4
2025-12-15 14:46:57.242879,3130.6,3133.3
2025-12-15 14:46:58.414842,3131.6,3133.4
2025-12-15 14:47:26.188453,3131.6,3134.3
2025-12-15 14:47:45.893592,3132.6,3134.4
2025-12-15 14:47:57.891258,3131.6,3134.3
2025-12-15 14:48:00.149828,3130.6,3133.3
2025-12-15 14:48:12.982558,3129.6,3132.3
2025-12-15 14:48:22.716564,3130.6,3133.3
2025-12-15 14:48:25.506762,3131.6,3134.3
2025-12-15 14:48:39.343397,3131.6,3133.4
2025-12-15 14:49:41.833481,3130.6,3133.3
2025-12-15 14:49:52.571847,3131.6,3134.3
2025-12-15 14:49:55.042605,3131.6,3133.4
2025-12-15 14:50:23.793383,3131.6,3134.3
2025-12-15 14:50:48.742917,3131.6,3133.4
2025-12-15 14:50:54.520046,3131.6,3134.3
2025-12-15 14:50:59.616017,3131.6,3133.4
2025-12-15 14:51:22.778026,3130.6,3132.4
2025-12-15 14:51:24.286943,3129.6,3132.3
2025-12-15 14:51:39.596289,3128.6,3131.3
2025-12-15 14:51:43.687923,3129.6,3132.3
2025-12-15 14:51:57.063575,3129.6,3131.4
2025-12-15 14:51:59.345845,3128.6,3131.3
2025-12-15 14:52:00.628765,3129.6,3131.4
2025-12-15 14:52:10.371119,3128.6,3131.3
2025-12-15 14:53:51.537446,3129.6,3131.4
2025-12-15 14:54:02.343705,3130.6,3132.4
2025-12-15 14:54:25.660580,3129.6,3132.3
2025-12-15 14:55:10.757571,3130.6,3132.4
2025-12-15 14:55:44.017693,3129.6,3132.3
2025-12-15 14:56:10.365994,3131.6,3133.4
2025-12-15 14:56:43.311078,3131.6,3134.3
2025-12-15 14:56:52.227656,3131.6,3133.4
2025-12-15 14:57:09.383345,3130.6,3133.3
2025-12-15 14:57:19.853478,3129.6,3131.4
2025-12-15 14:57:44.420146,3128.6,3130.4
2025-12-15 14:57:46.022294,3128.6,3131.3
2025-12-15 14:58:04.847211,3129.6,3132.3
2025-12-15 14:58:10.300135,3131.6,3133.4
2025-12-15 14:58:19.876944,3131.6,3134.3
2025-12-15 14:58:32.542666,3131.6,3133.4
2025-12-15 14:58:39.915303,3130.6,3133.3
2025-12-15 14:58:49.351031,3131.6,3133.4
2025-12-15 14:59:10.092364,3131.6,3134.3
2025-12-15 14:59:12.841372,3131.6,3133.4
2025-12-15 14:59:23.819512,3131.6,3134.3
2025-12-15 14:59:26.816050,3132.6,3134.4
2025-12-15 14:59:48.366476,3133.6,3135.4
2025-12-15 14:59:54.039770,3132.6,3135.3
2025-12-15 15:00:16.090865,3133.6,3136.3
2025-12-15 15:00:33.492315,3133.6,3135.4
2025-12-15 15:00:53.630400,3133.6,3136.3
2025-12-15 15:00:57.786265,3135.6,3137.4
2025-12-15 15:01:45.238738,3136.6,3138.4
2025-12-15 15:01:48.685995,3136.6,3139.3
2025-12-15 15:01:49.332363,3136.6,3138.4
2025-12-15 15:02:00.157592,3135.6,3138.3
2025-12-15 15:02:01.783004,3134.6,3137.3
2025-12-15 15:02:09.234140,3133.6,3135.4
2025-12-15 15:02:35.679733,3133.6,3136.3
2025-12-15 15:03:00.161716,3133.6,3135.4
2025-12-15 15:03:32.392501,3134.6,3136.4
2025-12-15 15:03:38.705770,3135.6,3137.4
2025-12-15 15:03:52.357956,3134.6,3137.3
2025-12-15 15:03:54.460441,3135.6,3137.4
2025-12-15 15:03:58.283624,3134.6,3137.3
2025-12-15 15:03:59.050747,3134.6,3136.4
2025-12-15 15:03:59.706992,3133.6,3136.3
2025-12-15 15:04:18.503511,3132.6,3135.3
2025-12-15 15:04:20.951375,3133.6,3135.4
2025-12-15 15:04:21.412873,3132.6,3134.4
2025-12-15 15:04:23.182475,3132.6,3135.3
2025-12-15 15:04:23.861707,3132.6,3134.4
2025-12-15 15:04:33.937784,3132.6,3135.3
2025-12-15 15:04:46.013621,3133.6,3136.3
2025-12-15 15:05:03.592685,3134.6,3137.3
2025-12-15 15:05:03.892978,3136.6,3138.4
2025-12-15 15:05:28.567724,3137.6,3139.4
2025-12-15 15:05:38.021157,3137.6,3140.3
2025-12-15 15:05:39.946548,3137.6,3139.4
2025-12-15 15:06:06.400231,3136.6,3138.4
2025-12-15 15:06:09.012838,3137.6,3139.4
2025-12-15 15:06:11.574850,3136.6,3138.4
2025-12-15 15:06:12.699210,3136.6,3139.3
2025-12-15 15:06:30.796379,3137.6,3139.4
2025-12-15 15:06:46.785810,3136.6,3138.4
2025-12-15 15:06:48.123609,3137.6,3139.4
2025-12-15 15:07:00.592555,3136.6,3138.4
2025-12-15 15:07:01.536356,3136.6,3139.3
2025-12-15 15:07:20.253711,3138.6,3140.4
2025-12-15 15:07:31.066420,3137.6,3139.4
2025-12-15 15:09:21.258207,3136.6,3139.3
2025-12-15 15:09:23.316608,3135.6,3138.3
2025-12-15 15:09:32.167134,3136.6,3138.4
2025-12-15 15:09:38.346311,3136.6,3139.3
2025-12-15 15:09:55.567274,3136.6,3138.4
2025-12-15 15:10:00.631455,3135.6,3137.4
2025-12-15 15:10:02.086405,3136.6,3138.4
2025-12-15 15:10:05.749323,3135.6,3138.3
2025-12-15 15:10:45.423469,3134.6,3137.3
2025-12-15 15:10:46.608876,3135.6,3137.4
2025-12-15 15:10:49.062150,3134.6,3136.4
2025-12-15 15:11:12.606416,3133.6,3136.3
2025-12-15 15:11:16.447867,3134.6,3136.4
2025-12-15 15:11:43.975973,3135.6,3137.4
2025-12-15 15:11:57.825672,3134.6,3137.3
2025-12-15 15:12:21.999271,3136.6,3138.4
2025-12-15 15:12:30.905102,3135.6,3138.3
2025-12-15 15:12:31.965783,3136.6,3138.4
2025-12-15 15:12:36.980068,3135.6,3138.3
2025-12-15 15:12:39.523912,3135.6,3137.4
2025-12-15 15:12:52.849087,3134.6,3136.4
2025-12-15 15:12:56.558685,3133.6,3135.4
2025-12-15 15:13:37.284166,3132.6,3134.4
2025-12-15 15:13:46.854647,3132.6,3135.3
2025-12-15 15:14:16.932745,3133.6,3136.3
2025-12-15 15:14:19.546284,3135.6,3137.4
2025-12-15 15:14:35.134889,3134.6,3137.3
2025-12-15 15:14:55.784973,3133.6,3136.3
2025-12-15 15:15:07.759906,3132.6,3135.3
2025-12-15 15:15:14.507318,3133.6,3135.4
2025-12-15 15:15:29.401806,3132.6,3135.3
2025-12-15 15:15:39.006013,3133.6,3135.4
2025-12-15 15:15:42.213957,3132.6,3135.3
2025-12-15 15:15:42.849555,3132.6,3134.4
2025-12-15 15:15:45.403397,3133.6,3135.4
2025-12-15 15:15:49.422530,3132.6,3134.4
2025-12-15 15:16:07.899203,3131.6,3133.4
2025-12-15 15:16:25.178101,3132.6,3134.4
2025-12-15 15:16:28.183367,3132.6,3135.3
2025-12-15 15:16:45.072235,3133.6,3135.4
2025-12-15 15:17:01.272055,3132.6,3135.3
2025-12-15 15:17:17.106835,3133.6,3135.4
2025-12-15 15:17:35.296644,3132.6,3134.4
2025-12-15 15:17:50.666715,3133.6,3135.4
2025-12-15 15:18:26.701144,3132.6,3135.3
2025-12-15 15:19:11.612421,3133.6,3135.4
2025-12-15 15:19:28.833444,3132.6,3135.3
2025-12-15 15:19:31.534929,3133.6,3135.4
2025-12-15 15:19:46.135320,3133.6,3136.3
2025-12-15 15:19:47.260648,3133.6,3135.4
2025-12-15 15:19:47.602064,3133.6,3136.3
2025-12-15 15:19:49.146591,3133.6,3135.4
2025-12-15 15:19:56.943719,3132.6,3134.4
2025-12-15 15:19:59.971573,3131.6,3133.4
2025-12-15 15:20:04.992869,3133.6,3135.4
2025-12-15 15:20:08.532361,3133.6,3136.3
2025-12-15 15:20:16.388941,3134.6,3137.3
2025-12-15 15:20:22.123740,3134.6,3136.4
2025-12-15 15:20:46.899615,3135.6,3137.4
2025-12-15 15:21:04.597821,3135.6,3138.3
2025-12-15 15:21:31.227486,3136.6,3139.3
2025-12-15 15:21:31.801989,3136.6,3138.4
2025-12-15 15:21:32.577150,3136.6,3139.3
2025-12-15 15:21:33.757885,3136.6,3138.4
2025-12-15 15:21:42.416458,3137.6,3139.4
2025-12-15 15:22:03.182759,3136.6,3138.4
2025-12-15 15:22:03.611620,3136.6,3139.3
2025-12-15 15:22:11.230842,3136.6,3138.4
2025-12-15 15:22:12.580784,3136.6,3139.3
2025-12-15 15:22:13.797290,3137.6,3139.4
2025-12-15 15:22:23.175114,3137.6,3140.3
2025-12-15 15:22:33.703395,3137.6,3139.4
2025-12-15 15:22:47.937205,3138.6,3141.3
2025-12-15 15:22:58.729911,3140.6,3142.4
2025-12-15 15:23:22.223680,3139.6,3142.3
2025-12-15 15:23:25.012757,3138.6,3140.4
2025-12-15 15:23:25.854048,3138.6,3141.3
2025-12-15 15:23:48.142374,3139.6,3142.3
2025-12-15 15:23:50.484961,3139.6,3141.4
2025-12-15 15:23:58.312611,3139.6,3142.3
2025-12-15 15:24:05.077236,3139.6,3141.4
2025-12-15 15:24:06.288015,3139.6,3142.3
2025-12-15 15:24:09.500261,3139.6,3141.4
2025-12-15 15:24:13.790777,3138.6,3141.3
2025-12-15 15:24:15.396321,3139.6,3141.4
2025-12-15 15:24:17.227014,3138.6,3141.3
2025-12-15 15:24:41.036348,3138.6,3140.4
2025-12-15 15:24:58.959005,3137.6,3139.4
2025-12-15 15:25:01.124314,3138.6,3140.4
2025-12-15 15:25:13.188418,3138.6,3141.3
2025-12-15 15:25:14.924337,3138.6,3140.4
2025-12-15 15:25:18.219866,3139.6,3141.4
2025-12-15 15:25:21.557953,3138.6,3140.4
2025-12-15 15:25:42.233045,3137.6,3140.3
2025-12-15 15:25:43.302256,3138.6,3140.4
2025-12-15 15:25:52.748230,3137.6,3140.3
2025-12-15 15:25:56.844939,3138.6,3140.4
2025-12-15 15:26:15.342482,3138.6,3141.3
2025-12-15 15:26:28.003604,3138.6,3140.4
2025-12-15 15:26:29.021782,3139.6,3141.4
2025-12-15 15:26:52.773912,3138.6,3141.3
2025-12-15 15:26:53.842966,3139.6,3141.4
2025-12-15 15:27:03.018886,3138.6,3140.4
2025-12-15 15:27:12.070993,3137.6,3140.3
2025-12-15 15:27:15.515378,3136.6,3139.3
2025-12-15 15:27:16.655309,3136.6,3138.4
2025-12-15 15:27:19.486964,3137.6,3139.4
2025-12-15 15:27:38.076100,3136.6,3139.3
2025-12-15 15:27:43.487393,3136.6,3138.4
2025-12-15 15:27:45.126868,3136.6,3139.3
2025-12-15 15:27:54.472187,3137.6,3140.3
2025-12-15 15:27:56.147837,3137.6,3139.4
2025-12-15 15:27:57.062628,3138.6,3140.4
2025-12-15 15:28:01.832885,3137.6,3139.4
2025-12-15 15:28:18.530377,3136.6,3139.3
2025-12-15 15:28:55.653963,3135.6,3137.4
2025-12-15 15:29:04.508310,3134.6,3137.3
2025-12-15 15:29:29.300276,3135.6,3137.4
2025-12-15 15:29:53.017805,3135.6,3138.3
2025-12-15 15:29:55.386178,3135.6,3137.4
2025-12-15 15:30:26.073385,3136.6,3138.4
2025-12-15 15:30:27.200789,3135.6,3137.4
2025-12-15 15:31:09.540826,3135.6,3138.3
2025-12-15 15:31:31.040150,3137.6,3139.4
2025-12-15 15:31:36.138818,3137.6,3140.3
2025-12-15 15:31:53.267261,3138.6,3140.4
2025-12-15 15:31:59.940896,3137.6,3140.3
2025-12-15 15:32:05.035383,3137.6,3139.4
2025-12-15 15:32:07.533743,3137.6,3140.3
2025-12-15 15:32:08.417677,3138.6,3140.4
2025-12-15 15:32:24.510288,3139.6,3141.4
2025-12-15 15:32:44.063096,3138.6,3141.3
2025-12-15 15:32:58.548780,3137.6,3140.3
2025-12-15 15:33:01.103130,3136.6,3139.3
2025-12-15 15:33:08.514678,3138.6,3140.4
2025-12-15 15:33:24.813655,3139.6,3141.4
2025-12-15 15:33:29.533706,3139.6,3142.3
2025-12-15 15:33:37.074729,3141.6,3143.4
2025-12-15 15:33:41.938681,3141.6,3144.3
2025-12-15 15:34:01.744633,3142.6,3144.4
2025-12-15 15:34:15.931977,3143.6,3145.4
2025-12-15 15:34:23.782762,3142.6,3144.4
2025-12-15 15:34:25.829723,3142.6,3145.3
2025-12-15 15:34:28.437698,3143.6,3145.4
2025-12-15 15:34:29.627755,3142.6,3145.3
2025-12-15 15:34:30.519053,3143.6,3145.4
2025-12-15 15:34:33.573678,3142.6,3145.3
2025-12-15 15:34:36.196831,3142.6,3144.4
2025-12-15 15:34:37.720817,3142.6,3145.3
2025-12-15 15:34:42.456746,3143.6,3145.4
2025-12-15 15:34:45.693154,3142.6,3144.4
2025-12-15 15:35:03.527202,3142.6,3145.3
2025-12-15 15:35:18.476409,3144.6,3146.4
2025-12-15 15:35:24.915649,3144.6,3147.3
2025-12-15 15:35:25.836062,3144.6,3146.4
2025-12-15 15:35:35.310421,3143.6,3145.4
2025-12-15 15:35:54.396839,3142.6,3145.3
2025-12-15 15:36:04.211088,3144.6,3146.4
2025-12-15 15:36:05.584986,3143.6,3146.3
2025-12-15 15:36:06.325028,3143.6,3145.4
2025-12-15 15:36:24.765248,3142.6,3144.4
2025-12-15 15:36:45.432733,3141.6,3144.3
2025-12-15 15:36:46.375336,3141.6,3143.4
2025-12-15 15:37:11.727694,3141.6,3144.3
2025-12-15 15:37:31.899263,3141.6,3143.4
2025-12-15 15:37:33.016753,3142.6,3144.4
2025-12-15 15:37:34.059042,3141.6,3143.4
2025-12-15 15:37:43.448071,3140.6,3143.3
2025-12-15 15:37:46.560853,3141.6,3143.4
2025-12-15 15:38:32.049879,3140.6,3143.3
2025-12-15 15:38:33.600005,3140.6,3142.4
2025-12-15 15:39:08.611163,3139.6,3142.3
2025-12-15 15:39:09.682071,3140.6,3142.4
2025-12-15 15:39:14.338339,3141.6,3143.4
2025-12-15 15:39:30.186980,3139.6,3142.3
2025-12-15 15:39:39.662640,3138.6,3141.3
2025-12-15 15:39:44.138094,3137.6,3140.3
2025-12-15 15:39:55.259873,3137.6,3139.4
2025-12-15 15:39:56.353658,3137.6,3140.3
2025-12-15 15:40:00.784109,3138.6,3140.4
2025-12-15 15:40:01.977916,3137.6,3140.3
2025-12-15 15:40:04.228132,3139.6,3141.4
2025-12-15 15:40:04.851724,3140.6,3142.4
2025-12-15 15:40:07.062777,3139.6,3142.3
2025-12-15 15:40:28.738470,3138.6,3141.3
2025-12-15 15:40:29.761501,3139.6,3141.4
2025-12-15 15:40:43.685486,3138.6,3141.3
2025-12-15 15:40:46.244607,3139.6,3141.4
2025-12-15 15:40:47.683443,3138.6,3140.4
2025-12-15 15:40:49.663008,3139.6,3141.4
2025-12-15 15:40:50.332712,3138.6,3140.4
2025-12-15 15:41:07.887017,3138.6,3141.3
2025-12-15 15:41:11.436950,3139.6,3142.3
2025-12-15 15:41:16.501471,3139.6,3141.4
2025-12-15 15:41:48.179731,3139.6,3142.3
2025-12-15 15:41:54.233485,3139.6,3141.4
2025-12-15 15:41:55.789204,3140.6,3142.4
2025-12-15 15:42:02.103694,3139.6,3141.4
2025-12-15 15:42:19.541841,3139.6,3142.3
2025-12-15 15:42:25.695923,3140.6,3143.3
2025-12-15 15:42:42.258578,3140.6,3142.4
2025-12-15 15:42:43.664774,3140.6,3143.3
2025-12-15 15:42:48.160942,3140.6,3142.4
2025-12-15 15:42:57.112161,3142.6,3144.4
2025-12-15 15:43:08.403449,3140.6,3142.4
2025-12-15 15:43:10.641499,3140.6,3143.3
2025-12-15 15:43:16.997519,3141.6,3144.3
2025-12-15 15:43:42.098495,3141.6,3143.4
2025-12-15 15:43:43.803616,3141.6,3144.3
2025-12-15 15:43:44.811720,3142.6,3144.4
2025-12-15 15:43:45.658952,3141.6,3143.4
2025-12-15 15:44:22.748005,3141.6,3144.3
2025-12-15 15:44:27.887023,3141.6,3143.4
2025-12-15 15:44:35.120927,3142.6,3144.4
2025-12-15 15:45:03.985704,3142.6,3145.3
2025-12-15 15:45:09.869796,3142.6,3144.4
2025-12-15 15:45:11.045741,3142.6,3145.3
2025-12-15 15:45:12.485047,3142.6,3144.4
2025-12-15 15:45:35.076512,3141.6,3143.4
2025-12-15 15:45:36.661665,3141.6,3144.3
2025-12-15 15:45:43.520536,3143.6,3145.4
2025-12-15 15:45:51.124900,3142.6,3144.4
2025-12-15 15:46:43.739052,3142.6,3145.3
2025-12-15 15:46:46.072336,3142.6,3144.4
2025-12-15 15:46:47.235492,3142.6,3145.3
2025-12-15 15:46:49.249723,3142.6,3144.4
2025-12-15 15:47:28.203040,3141.6,3144.3
2025-12-15 15:47:28.455063,3141.6,3143.4
2025-12-15 15:47:29.194738,3141.6,3144.3
2025-12-15 15:47:36.973211,3142.6,3144.4
2025-12-15 15:47:38.920438,3141.6,3143.4
2025-12-15 15:48:07.077407,3140.6,3143.3
2025-12-15 15:48:08.731220,3141.6,3143.4
2025-12-15 15:48:15.222234,3142.6,3144.4
2025-12-15 15:48:16.709286,3141.6,3144.3
2025-12-15 15:48:19.051531,3141.6,3143.4
2025-12-15 15:48:20.310616,3141.6,3144.3
2025-12-15 15:48:46.005552,3143.6,3145.4
2025-12-15 15:48:47.681148,3142.6,3144.4
2025-12-15 15:49:20.766642,3142.6,3145.3
2025-12-15 15:49:26.688013,3142.6,3144.4
2025-12-15 15:49:37.091465,3143.6,3145.4
2025-12-15 15:49:53.313651,3142.6,3145.3
2025-12-15 15:50:03.619112,3142.6,3144.4
2025-12-15 15:50:04.711775,3143.6,3145.4
2025-12-16 07:44:59.967,3126.6,3129.3
2025-12-16 07:45:01.426,3126.6,3130.3
2025-12-16 07:45:01.792,3125.6,3130.3
2025-12-16 07:45:05.057,3125.6,3128.3
2025-12-16 07:45:05.833,3126.6,3129.3
2025-12-16 07:45:06.079,3125.6,3129.3
2025-12-16 07:45:09.116,3124.6,3129.3
2025-12-16 07:45:10.230,3125.6,3128.3
2025-12-16 07:45:11.225,3126.6,3128.4
2025-12-16 07:45:16.793,3125.6,3128.3
2025-12-16 07:45:18.627,3124.6,3127.3
2025-12-16 07:45:20.003,3123.6,3127.3
2025-12-16 07:45:21.565,3123.6,3126.3
2025-12-16 07:45:22.177,3124.6,3127.3
2025-12-16 07:45:23.112,3124.6,3126.4
2025-12-16 07:45:28.609,3123.6,3126.3
2025-12-16 07:45:31.938,3122.6,3125.3
2025-12-16 07:45:32.876,3123.6,3125.4
2025-12-16 07:45:38.003,3124.6,3126.4
2025-12-16 07:45:38.556,3123.6,3126.3
2025-12-16 07:45:39.942,3124.6,3126.4
2025-12-16 07:45:40.385,3123.6,3126.3
2025-12-16 07:45:42.266,3124.6,3126.4
2025-12-16 07:45:42.990,3125.6,3127.4
2025-12-16 07:45:51.675,3124.6,3126.4
2025-12-16 07:45:55.824,3124.6,3127.3
2025-12-16 07:45:58.416,3125.6,3127.4
2025-12-16 07:46:03.879,3124.6,3127.3
2025-12-16 07:46:05.288,3124.6,3126.4
2025-12-16 07:46:08.523,3124.6,3127.3
2025-12-16 07:46:09.093,3124.6,3126.4
2025-12-16 07:46:13.392,3123.6,3126.3
2025-12-16 07:46:13.977,3122.6,3124.4
2025-12-16 07:46:15.732,3122.6,3125.3
2025-12-16 07:46:17.951,3122.6,3124.4
2025-12-16 07:46:19.781,3121.6,3124.3
2025-12-16 07:46:23.523,3123.6,3125.4
2025-12-16 07:46:24.345,3122.6,3125.3
2025-12-16 07:46:24.979,3122.6,3124.4
2025-12-16 07:46:35.197,3123.6,3125.4
2025-12-16 07:46:35.785,3122.6,3124.4
2025-12-16 07:46:36.586,3122.6,3125.3
2025-12-16 07:46:37.590,3121.6,3125.3
2025-12-16 07:46:38.190,3122.6,3125.3
2025-12-16 07:46:41.430,3122.6,3124.4
2025-12-16 07:46:47.073,3122.6,3125.3
2025-12-16 07:46:48.506,3122.6,3124.4
2025-12-16 07:46:49.838,3123.6,3125.4
2025-12-16 07:46:51.789,3122.6,3125.3
2025-12-16 07:46:56.304,3123.6,3125.4
2025-12-16 07:46:58.041,3121.6,3124.3
2025-12-16 07:46:58.861,3122.6,3124.4
2025-12-16 07:47:07.734,3121.6,3123.4
2025-12-16 07:47:17.861,3121.6,3124.3
2025-12-16 07:47:23.745,3122.6,3124.4
2025-12-16 07:47:27.801,3121.6,3123.4
2025-12-16 07:47:32.001,3120.6,3123.3
