timestamp,bid,ask
2025-12-12 17:53:56.979912,25279.92,25280.82
2025-12-12 17:53:57.239603,25279.95,25281.24
2025-12-12 17:53:57.603391,25279.99,25281.28
2025-12-12 17:53:57.815835,25281.76,25282.8
2025-12-12 17:53:57.914151,25281.99,25283.28
2025-12-12 17:53:58.096400,25282.24,25283.53
2025-12-12 17:53:58.315522,25281.7,25282.74
2025-12-12 17:53:58.581521,25281.65,25282.55
2025-12-12 17:53:58.798458,25281.22,25282.26
2025-12-12 17:53:59.123033,25282.21,25283.11
2025-12-12 17:53:59.289747,25282.01,25283.3
2025-12-12 17:53:59.512286,25281.94,25282.84
2025-12-12 17:53:59.845916,25282.01,25283.05
2025-12-12 17:54:00.053963,25281.96,25283.25
2025-12-12 17:54:00.160240,25282.76,25284.05
2025-12-12 17:54:00.280291,25282.51,25283.8
2025-12-12 17:54:00.497603,25282.74,25284.03
2025-12-12 17:54:00.558707,25283.0,25284.04
2025-12-12 17:54:00.781315,25283.2,25284.24
2025-12-12 17:54:01.055502,25281.97,25283.26
2025-12-12 17:54:01.320947,25282.24,25283.28
2025-12-12 17:54:01.601479,25282.45,25283.74
2025-12-12 17:54:01.822391,25281.45,25282.74
2025-12-12 17:54:02.006563,25281.71,25282.61
2025-12-12 17:54:02.098023,25281.96,25283.25
2025-12-12 17:54:02.314004,25282.49,25283.78
2025-12-12 17:54:02.579844,25281.46,25282.5
2025-12-12 17:54:02.799112,25281.51,25282.55
2025-12-12 17:54:03.032561,25280.26,25281.3
2025-12-12 17:54:03.657144,25279.99,25281.28
2025-12-12 17:54:03.792571,25280.25,25281.29
2025-12-12 17:54:03.959093,25279.96,25281.25
2025-12-12 17:54:04.163978,25280.01,25281.05
2025-12-12 17:54:04.270699,25279.95,25281.24
2025-12-12 17:54:04.568249,25280.22,25281.26
2025-12-12 17:54:04.765330,25280.45,25281.35
2025-12-12 17:54:05.078811,25279.74,25281.03
2025-12-12 17:54:05.280203,25279.71,25281.0
2025-12-12 17:54:05.531781,25279.96,25281.25
2025-12-12 17:54:06.023639,25279.67,25280.57
2025-12-12 17:54:06.276543,25279.22,25280.51
2025-12-12 17:54:06.511329,25277.99,25279.28
2025-12-12 17:54:06.785439,25278.2,25279.49
2025-12-12 17:54:07.003646,25278.45,25279.49
2025-12-12 17:54:07.300726,25278.69,25279.59
2025-12-12 17:54:07.314161,25280.24,25281.53
2025-12-12 17:54:07.588935,25279.51,25280.55
2025-12-12 17:54:08.124534,25279.0,25280.04
2025-12-12 17:54:08.445198,25278.71,25280.0
2025-12-12 17:54:08.602579,25278.72,25279.76
2025-12-12 17:54:08.897029,25278.72,25280.01
2025-12-12 17:54:09.128332,25278.51,25279.55
2025-12-12 17:54:09.375643,25278.7,25279.99
2025-12-12 17:54:09.668355,25278.5,25279.54
2025-12-12 17:54:09.885465,25278.7,25279.74
2025-12-12 17:54:10.116197,25278.75,25279.79
2025-12-12 17:54:10.410559,25280.21,25281.25
2025-12-12 17:54:10.660510,25280.46,25281.75
2025-12-12 17:54:10.706334,25281.25,25282.54
2025-12-12 17:54:10.875351,25282.74,25284.03
2025-12-12 17:54:11.088254,25282.46,25283.75
2025-12-12 17:54:11.463099,25282.7,25283.74
2025-12-12 17:54:11.666738,25282.75,25284.04
2025-12-12 17:54:11.917093,25282.5,25283.79
2025-12-12 17:54:12.165975,25284.21,25285.5
2025-12-12 17:54:12.393331,25285.45,25286.74
2025-12-12 17:54:12.625565,25285.51,25286.8
2025-12-12 17:54:12.842794,25285.76,25287.05
2025-12-12 17:54:13.120730,25286.01,25287.3
2025-12-12 17:54:13.363369,25286.45,25287.35
2025-12-12 17:54:13.628817,25285.71,25287.0
2025-12-12 17:54:13.877368,25286.21,25287.25
2025-12-12 17:54:14.014465,25285.91,25286.81
2025-12-12 17:54:14.171071,25285.71,25287.0
2025-12-12 17:54:14.422025,25285.71,25286.75
2025-12-12 17:54:14.451413,25285.75,25287.04
2025-12-12 17:54:14.653605,25286.01,25287.05
2025-12-12 17:54:14.961660,25287.99,25289.28
2025-12-12 17:54:15.044368,25288.45,25289.49
2025-12-12 17:54:15.456518,25288.01,25289.05
2025-12-12 17:54:15.627552,25289.74,25290.78
2025-12-12 17:54:15.721721,25289.24,25290.53
2025-12-12 17:54:15.860240,25289.47,25290.51
2025-12-12 17:54:15.966016,25289.22,25290.51
2025-12-12 17:54:16.203529,25289.71,25290.61
2025-12-12 17:54:16.265876,25290.16,25291.06
2025-12-12 17:54:16.402329,25289.96,25291.0
2025-12-12 17:54:16.635945,25290.21,25291.5
2025-12-12 17:54:16.868652,25290.2,25291.24
2025-12-12 17:54:17.082784,25291.01,25292.05
2025-12-12 17:54:17.164350,25291.01,25292.3
2025-12-12 17:54:17.349311,25291.42,25292.32
2025-12-12 17:54:17.642210,25291.41,25292.31
2025-12-12 17:54:17.903551,25292.22,25293.51
2025-12-12 17:54:18.120881,25292.46,25293.5
2025-12-12 17:54:18.153053,25292.46,25293.75
2025-12-12 17:54:18.433132,25292.46,25293.5
2025-12-12 17:54:18.744156,25292.21,25293.5
2025-12-12 17:54:18.761835,25292.49,25293.78
2025-12-12 17:54:18.961387,25292.45,25293.74
2025-12-12 17:54:19.207887,25292.75,25293.79
2025-12-12 17:54:19.594149,25292.21,25293.5
2025-12-12 17:54:19.812728,25292.0,25293.04
2025-12-12 17:54:19.999039,25291.95,25292.85
2025-12-12 17:54:20.153787,25291.74,25292.78
2025-12-12 17:54:20.461363,25291.49,25292.78
2025-12-12 17:54:20.661444,25291.96,25292.86
2025-12-12 17:54:20.907772,25291.72,25292.76
2025-12-12 17:54:21.111539,25291.96,25293.25
2025-12-12 17:54:21.374311,25292.0,25293.29
2025-12-12 17:54:21.511668,25292.25,25293.29
2025-12-12 17:54:21.602697,25291.99,25293.03
2025-12-12 17:54:22.039640,25292.2,25293.1
2025-12-12 17:54:22.242364,25291.75,25292.79
2025-12-12 17:54:22.467049,25291.97,25293.01
2025-12-12 17:54:22.499444,25291.74,25292.78
2025-12-12 17:54:22.749397,25291.71,25293.0
2025-12-12 17:54:22.809104,25292.17,25293.07
2025-12-12 17:54:22.996700,25291.95,25293.24
2025-12-12 17:54:23.305184,25291.99,25293.28
2025-12-12 17:54:23.616239,25291.46,25292.75
2025-12-12 17:54:23.832539,25291.24,25292.53
2025-12-12 17:54:24.173322,25291.25,25292.29
2025-12-12 17:54:24.448902,25291.21,25292.25
2025-12-12 17:54:24.711149,25290.76,25291.8
2025-12-12 17:54:24.913286,25291.72,25293.01
2025-12-12 17:54:25.178773,25291.97,25293.01
2025-12-12 17:54:25.256416,25291.46,25293.0
2025-12-12 17:54:25.472126,25291.47,25292.76
2025-12-12 17:54:25.613385,25291.51,25292.55
2025-12-12 17:54:25.694527,25291.45,25292.74
2025-12-12 17:54:26.201691,25291.95,25293.24
2025-12-12 17:54:26.431652,25292.22,25293.26
2025-12-12 17:54:26.726363,25292.25,25293.54
2025-12-12 17:54:27.005052,25292.51,25293.8
2025-12-12 17:54:27.253665,25292.47,25293.76
2025-12-12 17:54:27.420975,25292.24,25293.53
2025-12-12 17:54:27.496089,25291.74,25293.03
2025-12-12 17:54:27.742756,25293.7,25294.74
2025-12-12 17:54:27.837602,25293.47,25294.76
2025-12-12 17:54:27.976646,25293.45,25294.49
2025-12-12 17:54:28.054935,25293.22,25294.51
2025-12-12 17:54:28.290077,25293.26,25294.55
2025-12-12 17:54:28.364203,25292.96,25294.25
2025-12-12 17:54:28.549453,25293.51,25294.8
2025-12-12 17:54:28.639876,25293.46,25294.5
2025-12-12 17:54:28.856505,25293.75,25294.79
2025-12-12 17:54:29.146967,25293.7,25294.99
2025-12-12 17:54:29.381654,25293.22,25294.51
2025-12-12 17:54:29.757850,25293.24,25294.53
2025-12-12 17:54:30.009169,25293.71,25294.61
2025-12-12 17:54:30.131584,25293.7,25294.99
2025-12-12 17:54:30.364891,25293.74,25295.03
2025-12-12 17:54:30.490786,25294.01,25295.05
2025-12-12 17:54:30.595347,25293.7,25294.99
2025-12-12 17:54:30.765975,25293.74,25295.03
2025-12-12 17:54:30.857481,25293.11,25295.03
2025-12-12 17:54:30.968264,25293.5,25295.04
2025-12-12 17:54:31.246328,25293.47,25294.76
2025-12-12 17:54:31.450861,25293.96,25294.86
2025-12-12 17:54:31.668681,25294.4,25295.3
2025-12-12 17:54:32.035831,25293.99,25295.28
2025-12-12 17:54:32.209065,25293.97,25295.26
2025-12-12 17:54:32.328127,25294.01,25295.3
2025-12-12 17:54:32.546633,25293.96,25295.25
2025-12-12 17:54:32.765599,25292.25,25293.54
2025-12-12 17:54:32.872059,25291.71,25293.0
2025-12-12 17:54:33.134802,25291.76,25293.05
2025-12-12 17:54:33.338239,25291.96,25292.86
2025-12-12 17:54:33.400815,25291.76,25293.05
2025-12-12 17:54:33.680044,25292.0,25293.04
2025-12-12 17:54:33.816447,25291.74,25293.03
2025-12-12 17:54:33.877682,25292.25,25293.54
2025-12-12 17:54:34.051437,25292.72,25293.76
2025-12-12 17:54:34.113161,25292.72,25294.01
2025-12-12 17:54:34.471410,25292.51,25293.8
2025-12-12 17:54:34.534343,25292.49,25293.53
2025-12-12 17:54:34.840926,25292.21,25293.5
2025-12-12 17:54:35.041893,25292.47,25293.51
2025-12-12 17:54:35.645313,25292.24,25293.53
2025-12-12 17:54:35.751071,25292.22,25293.26
2025-12-12 17:54:35.910339,25292.71,25293.61
2025-12-12 17:54:36.152398,25292.01,25293.3
2025-12-12 17:54:36.433569,25291.74,25293.03
2025-12-12 17:54:36.714067,25291.96,25293.0
2025-12-12 17:54:37.068506,25291.45,25292.49
2025-12-12 17:54:37.221857,25291.45,25292.74
2025-12-12 17:54:37.334538,25291.51,25292.55
2025-12-12 17:54:37.552737,25291.45,25292.74
2025-12-12 17:54:37.833648,25291.21,25292.25
2025-12-12 17:54:38.046966,25290.21,25291.5
2025-12-12 17:54:38.266434,25290.5,25291.79
2025-12-12 17:54:38.557720,25289.72,25290.76
2025-12-12 17:54:38.841950,25289.01,25290.05
2025-12-12 17:54:38.999146,25288.97,25290.26
2025-12-12 17:54:39.229285,25288.46,25289.5
2025-12-12 17:54:39.277482,25288.76,25289.8
2025-12-12 17:54:39.479987,25288.26,25289.55
2025-12-12 17:54:39.777252,25288.22,25289.26
2025-12-12 17:54:40.053811,25287.95,25289.24
2025-12-12 17:54:40.302382,25288.26,25289.3
2025-12-12 17:54:40.457948,25287.95,25289.24
2025-12-12 17:54:40.672320,25288.22,25289.26
2025-12-12 17:54:40.686597,25287.95,25288.99
2025-12-12 17:54:40.924115,25287.7,25288.99
2025-12-12 17:54:41.511899,25287.76,25289.05
2025-12-12 17:54:41.710488,25287.45,25288.74
2025-12-12 17:54:41.880370,25287.7,25288.99
2025-12-12 17:54:41.955075,25287.99,25289.03
2025-12-12 17:54:42.296524,25287.95,25288.99
2025-12-12 17:54:42.562837,25287.75,25289.04
2025-12-12 17:54:43.027392,25287.96,25289.0
2025-12-12 17:54:43.217436,25288.21,25289.11
2025-12-12 17:54:43.372597,25287.97,25289.01
2025-12-12 17:54:43.557485,25287.72,25289.01
2025-12-12 17:54:43.666530,25287.7,25288.99
2025-12-12 17:54:43.878589,25288.15,25289.05
2025-12-12 17:54:44.221898,25287.92,25288.82
2025-12-12 17:54:44.452942,25287.71,25289.0
2025-12-12 17:54:44.715508,25287.99,25289.03
2025-12-12 17:54:45.229005,25287.76,25289.05
2025-12-12 17:54:45.602374,25287.49,25288.78
2025-12-12 17:54:45.742568,25287.45,25288.74
2025-12-12 17:54:45.837534,25286.76,25287.8
2025-12-12 17:54:46.068641,25286.49,25287.78
2025-12-12 17:54:46.284901,25285.95,25286.99
2025-12-12 17:54:46.596853,25285.71,25287.0
2025-12-12 17:54:46.873211,25285.95,25286.99
2025-12-12 17:54:47.110480,25285.76,25286.8
2025-12-12 17:54:47.342860,25285.2,25286.49
2025-12-12 17:54:47.641204,25285.21,25286.25
2025-12-12 17:54:47.931629,25285.49,25286.78
2025-12-12 17:54:48.207519,25285.46,25286.36
2025-12-12 17:54:48.242613,25283.71,25285.0
2025-12-12 17:54:48.399315,25283.71,25284.75
2025-12-12 17:54:48.457393,25281.9,25282.8
2025-12-12 17:54:48.657802,25281.97,25283.01
2025-12-12 17:54:48.892823,25282.16,25283.06
2025-12-12 17:54:49.107284,25282.2,25283.49
2025-12-12 17:54:49.336913,25282.24,25283.53
2025-12-12 17:54:49.556255,25283.21,25284.5
2025-12-12 17:54:49.774422,25283.91,25284.81
2025-12-12 17:54:49.925508,25283.51,25284.55
2025-12-12 17:54:50.005293,25283.7,25284.74
2025-12-12 17:54:50.234355,25283.69,25284.59
2025-12-12 17:54:50.280337,25283.76,25285.05
2025-12-12 17:54:50.527323,25282.45,25283.49
2025-12-12 17:54:50.776269,25282.45,25283.74
2025-12-12 17:54:50.790733,25282.21,25283.5
2025-12-12 17:54:51.042147,25282.45,25283.49
2025-12-12 17:54:51.342579,25282.24,25283.53
2025-12-12 17:54:51.569443,25281.49,25282.78
2025-12-12 17:54:51.589457,25281.71,25282.75
2025-12-12 17:54:51.801545,25281.7,25282.74
2025-12-12 17:54:52.051724,25281.75,25283.04
2025-12-12 17:54:52.234479,25281.69,25282.59
2025-12-12 17:54:52.278645,25281.71,25282.75
2025-12-12 17:54:52.556106,25281.49,25282.53
2025-12-12 17:54:52.757941,25281.22,25282.51
2025-12-12 17:54:52.991186,25281.45,25282.49
2025-12-12 17:54:53.242721,25281.49,25282.53
2025-12-12 17:54:53.452490,25281.5,25282.79
2025-12-12 17:54:53.675671,25281.76,25283.05
2025-12-12 17:54:53.799185,25281.95,25282.99
2025-12-12 17:54:53.952575,25281.66,25282.56
2025-12-12 17:54:54.353554,25281.7,25282.74
2025-12-12 17:54:54.588491,25281.5,25282.79
2025-12-12 17:54:54.743365,25281.26,25282.55
2025-12-12 17:54:54.895234,25281.75,25282.79
2025-12-12 17:54:55.161314,25281.47,25282.51
2025-12-12 17:54:55.350804,25282.19,25283.09
2025-12-12 17:54:55.457382,25282.5,25283.54
2025-12-12 17:54:55.596780,25282.49,25283.53
2025-12-12 17:54:55.977416,25281.95,25283.24
2025-12-12 17:54:56.172109,25282.7,25283.74
2025-12-12 17:54:56.483228,25282.66,25283.56
2025-12-12 17:54:56.666654,25282.49,25283.78
2025-12-12 17:54:56.699417,25282.24,25283.53
2025-12-12 17:54:56.942965,25282.99,25284.03
2025-12-12 17:54:57.151304,25282.5,25283.79
2025-12-12 17:54:57.445189,25283.71,25284.75
2025-12-12 17:54:57.970713,25283.45,25284.35
2025-12-12 17:54:58.197642,25283.24,25284.28
2025-12-12 17:54:58.474930,25283.76,25285.05
2025-12-12 17:54:58.676229,25283.46,25284.75
2025-12-12 17:54:58.899218,25283.75,25284.79
2025-12-12 17:54:58.994262,25283.45,25284.74
2025-12-12 17:54:59.160383,25284.49,25285.78
2025-12-12 17:54:59.396172,25284.45,25285.35
2025-12-12 17:54:59.655525,25285.71,25287.0
2025-12-12 17:54:59.903927,25286.51,25287.8
2025-12-12 17:55:00.121808,25286.2,25287.49
2025-12-12 17:55:00.399335,25285.24,25286.28
2025-12-12 17:55:00.628462,25284.75,25285.79
2025-12-12 17:55:00.849619,25284.47,25285.76
2025-12-12 17:55:01.019170,25284.99,25286.03
2025-12-12 17:55:01.117160,25284.76,25285.8
2025-12-12 17:55:01.273526,25285.96,25287.0
2025-12-12 17:55:01.379917,25288.21,25289.25
2025-12-12 17:55:01.599264,25287.71,25289.0
2025-12-12 17:55:01.829811,25287.16,25288.06
2025-12-12 17:55:01.908842,25287.0,25288.29
2025-12-12 17:55:02.107609,25287.42,25288.32
2025-12-12 17:55:02.122574,25286.71,25288.0
2025-12-12 17:55:02.353446,25286.5,25287.79
2025-12-12 17:55:02.588093,25286.99,25288.03
2025-12-12 17:55:02.842439,25286.46,25287.5
2025-12-12 17:55:03.120748,25286.49,25287.78
2025-12-12 17:55:03.320757,25286.74,25287.78
2025-12-12 17:55:03.602513,25286.76,25288.05
2025-12-12 17:55:03.692765,25286.76,25287.8
2025-12-12 17:55:03.851504,25287.01,25288.05
2025-12-12 17:55:04.068941,25286.72,25288.01
2025-12-12 17:55:04.284390,25286.74,25287.78
2025-12-12 17:55:04.315144,25286.99,25288.03
2025-12-12 17:55:04.660074,25286.76,25288.05
2025-12-12 17:55:04.949255,25286.76,25287.8
2025-12-12 17:55:05.215422,25286.97,25288.01
2025-12-12 17:55:05.448264,25286.71,25288.0
2025-12-12 17:55:05.703598,25287.2,25288.1
2025-12-12 17:55:06.287819,25287.4,25288.3
2025-12-12 17:55:06.524635,25286.95,25288.24
2025-12-12 17:55:06.908152,25287.46,25288.36
2025-12-12 17:55:07.205251,25288.26,25289.55
2025-12-12 17:55:07.434660,25287.99,25289.03
2025-12-12 17:55:07.790987,25287.75,25289.04
2025-12-12 17:55:07.866405,25287.74,25288.78
2025-12-12 17:55:08.104111,25289.01,25290.3
2025-12-12 17:55:08.210497,25289.21,25290.25
2025-12-12 17:55:08.335409,25288.99,25290.03
2025-12-12 17:55:08.442907,25288.26,25289.3
2025-12-12 17:55:08.596930,25287.99,25289.28
2025-12-12 17:55:08.815430,25288.96,25290.25
2025-12-12 17:55:09.068328,25289.46,25290.75
2025-12-12 17:55:09.455648,25289.01,25290.3
2025-12-12 17:55:09.701375,25288.97,25290.01
2025-12-12 17:55:09.716881,25289.01,25290.3
2025-12-12 17:55:10.274912,25289.72,25290.76
2025-12-12 17:55:10.428234,25290.0,25291.04
2025-12-12 17:55:10.522057,25289.72,25291.01
2025-12-12 17:55:10.768241,25290.17,25291.07
2025-12-12 17:55:10.981729,25290.01,25291.05
2025-12-12 17:55:11.170800,25289.95,25290.99
2025-12-12 17:55:11.434275,25289.95,25291.24
2025-12-12 17:55:11.680254,25289.97,25291.01
2025-12-12 17:55:11.961559,25289.5,25290.54
2025-12-12 17:55:12.255166,25289.99,25291.28
2025-12-12 17:55:12.613243,25290.01,25291.3
2025-12-12 17:55:12.938355,25290.41,25291.31
2025-12-12 17:55:13.267549,25290.25,25291.54
2025-12-12 17:55:13.655058,25290.4,25291.3
2025-12-12 17:55:13.861429,25289.69,25290.59
2025-12-12 17:55:14.091597,25289.96,25291.25
2025-12-12 17:55:14.278447,25290.21,25291.25
2025-12-12 17:55:14.387380,25289.94,25290.84
2025-12-12 17:55:14.511203,25288.95,25290.24
2025-12-12 17:55:14.632475,25288.45,25289.74
2025-12-12 17:55:14.863497,25286.97,25288.26
2025-12-12 17:55:15.220946,25287.41,25288.31
2025-12-12 17:55:15.485645,25287.22,25288.51
2025-12-12 17:55:15.728577,25289.01,25290.3
2025-12-12 17:55:15.933624,25288.75,25290.04
2025-12-12 17:55:16.162076,25288.74,25290.03
2025-12-12 17:55:16.522166,25288.76,25290.05
2025-12-12 17:55:16.614297,25288.25,25289.54
2025-12-12 17:55:17.014345,25288.49,25289.78
2025-12-12 17:55:17.278838,25289.25,25290.29
2025-12-12 17:55:17.448311,25289.75,25290.79
2025-12-12 17:55:17.477386,25289.71,25291.0
2025-12-12 17:55:17.933915,25289.7,25290.74
2025-12-12 17:55:18.055239,25289.71,25291.0
2025-12-12 17:55:18.383703,25289.26,25290.55
2025-12-12 17:55:18.522004,25289.49,25290.53
2025-12-12 17:55:18.642524,25289.2,25290.24
2025-12-12 17:55:18.875251,25289.99,25291.28
2025-12-12 17:55:19.125259,25290.95,25291.99
2025-12-12 17:55:19.340881,25290.7,25291.74
2025-12-12 17:55:19.464196,25290.47,25291.76
2025-12-12 17:55:19.618602,25290.26,25291.3
2025-12-12 17:55:19.820701,25290.51,25291.55
2025-12-12 17:55:20.022127,25290.26,25291.55
2025-12-12 17:55:20.203962,25289.96,25291.25
2025-12-12 17:55:20.393365,25290.21,25291.25
2025-12-12 17:55:20.411597,25290.74,25292.03
2025-12-12 17:55:20.678942,25290.47,25291.76
2025-12-12 17:55:20.887965,25289.97,25291.01
2025-12-12 17:55:20.978419,25289.75,25291.04
2025-12-12 17:55:21.210256,25289.72,25291.01
2025-12-12 17:55:21.443974,25289.7,25290.74
2025-12-12 17:55:21.658172,25289.51,25290.8
2025-12-12 17:55:21.891348,25289.71,25290.75
2025-12-12 17:55:22.122309,25289.24,25290.53
2025-12-12 17:55:22.390919,25289.45,25290.35
2025-12-12 17:55:22.510269,25288.96,25290.0
2025-12-12 17:55:22.683717,25288.45,25289.74
2025-12-12 17:55:22.841950,25288.71,25289.75
2025-12-12 17:55:22.949284,25288.76,25290.05
2025-12-12 17:55:23.134544,25288.97,25290.01
2025-12-12 17:55:23.225639,25289.01,25290.05
2025-12-12 17:55:23.441105,25288.76,25289.8
2025-12-12 17:55:23.674586,25288.49,25289.78
2025-12-12 17:55:23.846618,25288.96,25290.0
2025-12-12 17:55:24.092417,25288.99,25290.28
2025-12-12 17:55:24.294260,25288.75,25289.79
2025-12-12 17:55:24.337763,25287.72,25289.01
2025-12-12 17:55:24.555452,25287.95,25288.99
2025-12-12 17:55:24.818380,25288.21,25289.25
2025-12-12 17:55:25.052640,25288.51,25289.55
2025-12-12 17:55:25.284245,25287.97,25289.01
2025-12-12 17:55:25.469728,25287.72,25289.01
2025-12-12 17:55:25.879343,25287.97,25289.01
2025-12-12 17:55:26.128242,25287.74,25289.03
2025-12-12 17:55:26.362369,25287.22,25288.26
2025-12-12 17:55:26.671903,25287.26,25288.3
2025-12-12 17:55:26.781742,25287.26,25288.55
2025-12-12 17:55:26.938555,25287.51,25288.55
2025-12-12 17:55:27.246385,25287.49,25288.78
2025-12-12 17:55:27.339731,25288.97,25290.26
2025-12-12 17:55:27.555189,25288.99,25290.03
2025-12-12 17:55:27.806540,25288.75,25290.04
2025-12-12 17:55:28.061777,25288.7,25289.99
2025-12-12 17:55:28.326251,25290.96,25292.0
2025-12-12 17:55:28.574305,25291.94,25292.84
2025-12-12 17:55:28.837201,25291.51,25292.8
2025-12-12 17:55:29.160133,25290.76,25292.05
2025-12-12 17:55:29.424529,25290.46,25291.5
2025-12-12 17:55:29.685797,25290.24,25291.53
2025-12-12 17:55:30.029322,25290.47,25291.51
2025-12-12 17:55:30.056545,25290.22,25291.51
2025-12-12 17:55:30.446529,25290.5,25291.54
2025-12-12 17:55:30.539901,25290.24,25291.53
2025-12-12 17:55:30.772102,25290.22,25291.26
2025-12-12 17:55:30.988395,25290.47,25291.76
2025-12-12 17:55:31.287825,25290.24,25291.53
2025-12-12 17:55:31.508779,25290.49,25291.53
2025-12-12 17:55:31.655422,25290.2,25291.49
2025-12-12 17:55:31.810265,25290.45,25291.35
2025-12-12 17:55:31.884654,25290.22,25291.51
2025-12-12 17:55:32.055141,25290.45,25291.49
2025-12-12 17:55:32.305578,25291.46,25292.75
2025-12-12 17:55:32.602293,25291.21,25292.25
2025-12-12 17:55:32.959323,25291.01,25292.55
2025-12-12 17:55:33.251810,25290.17,25291.07
2025-12-12 17:55:33.562857,25289.25,25290.29
2025-12-12 17:55:33.997868,25289.74,25290.78
2025-12-12 17:55:34.261061,25289.97,25291.01
2025-12-12 17:55:34.553826,25290.21,25291.25
2025-12-12 17:55:34.740902,25289.5,25291.04
2025-12-12 17:55:34.771980,25289.72,25291.01
2025-12-12 17:55:35.115313,25289.75,25290.79
2025-12-12 17:55:35.394295,25290.21,25291.5
2025-12-12 17:55:35.656531,25289.5,25290.79
2025-12-12 17:55:35.937995,25289.46,25290.36
2025-12-12 17:55:36.198355,25289.01,25290.05
2025-12-12 17:55:36.447644,25288.71,25289.75
2025-12-12 17:55:36.653829,25288.74,25289.78
2025-12-12 17:55:36.806799,25287.71,25289.0
2025-12-12 17:55:36.928409,25288.01,25289.05
2025-12-12 17:55:37.237851,25288.21,25289.5
2025-12-12 17:55:37.505284,25288.49,25289.78
2025-12-12 17:55:37.840836,25288.22,25289.26
2025-12-12 17:55:38.164167,25288.97,25290.26
2025-12-12 17:55:38.463665,25290.46,25291.5
2025-12-12 17:55:38.496287,25290.46,25291.75
2025-12-12 17:55:38.722474,25291.26,25292.3
2025-12-12 17:55:38.975089,25291.46,25292.36
2025-12-12 17:55:39.205052,25292.72,25293.76
2025-12-12 17:55:39.388020,25292.45,25293.74
2025-12-12 17:55:39.649142,25292.24,25293.28
2025-12-12 17:55:39.946721,25292.46,25293.75
2025-12-12 17:55:40.275623,25292.51,25293.8
2025-12-12 17:55:40.539828,25292.25,25293.54
2025-12-12 17:55:40.782690,25292.45,25293.74
2025-12-12 17:55:41.063295,25292.2,25293.24
2025-12-12 17:55:41.359685,25292.24,25293.28
2025-12-12 17:55:41.639929,25292.45,25293.74
2025-12-12 17:55:41.722294,25292.24,25293.53
2025-12-12 17:55:41.900726,25292.2,25293.49
2025-12-12 17:55:42.177412,25292.24,25293.53
2025-12-12 17:55:42.238428,25292.26,25293.3
2025-12-12 17:55:42.406499,25292.26,25293.55
2025-12-12 17:55:42.639492,25292.26,25293.3
2025-12-12 17:55:42.844108,25291.01,25292.05
2025-12-12 17:55:43.215139,25289.99,25291.03
2025-12-12 17:55:43.338221,25289.76,25291.05
2025-12-12 17:55:43.482389,25290.0,25291.04
2025-12-12 17:55:43.727320,25290.22,25291.26
2025-12-12 17:55:43.945104,25290.46,25291.36
2025-12-12 17:55:44.236784,25290.47,25291.76
2025-12-12 17:55:44.303989,25290.22,25291.51
2025-12-12 17:55:44.522262,25289.95,25291.24
2025-12-12 17:55:44.735531,25289.75,25290.79
2025-12-12 17:55:44.982673,25290.24,25291.53
2025-12-12 17:55:45.335494,25290.49,25291.53
2025-12-12 17:55:45.397983,25290.25,25291.54
2025-12-12 17:55:45.643951,25290.24,25291.53
2025-12-12 17:55:45.925395,25290.21,25291.25
2025-12-12 17:55:46.062965,25289.97,25291.01
2025-12-12 17:55:46.188135,25290.21,25291.25
2025-12-12 17:55:46.512961,25289.92,25290.82
2025-12-12 17:55:46.852918,25289.75,25291.04
2025-12-12 17:55:47.069776,25289.96,25290.86
2025-12-12 17:55:47.382544,25290.0,25291.29
2025-12-12 17:55:47.688358,25290.01,25291.3
2025-12-12 17:55:47.718312,25290.21,25291.25
2025-12-12 17:55:47.946720,25289.47,25290.51
2025-12-12 17:55:48.148975,25289.71,25291.0
2025-12-12 17:55:48.369463,25290.0,25291.04
2025-12-12 17:55:48.570810,25290.01,25291.3
2025-12-12 17:55:48.846774,25290.5,25291.79
2025-12-12 17:55:49.096455,25290.2,25291.49
2025-12-12 17:55:49.315083,25290.47,25291.51
2025-12-12 17:55:49.626557,25291.99,25293.28
2025-12-12 17:55:49.888394,25291.51,25292.55
2025-12-12 17:55:50.148547,25291.51,25292.8
2025-12-12 17:55:50.398285,25293.2,25294.49
2025-12-12 17:55:50.646802,25293.66,25294.56
2025-12-12 17:55:50.879259,25293.51,25294.55
2025-12-12 17:55:51.142105,25293.49,25294.78
2025-12-12 17:55:51.341279,25295.24,25296.28
2025-12-12 17:55:51.573258,25295.44,25296.34
2025-12-12 17:55:52.021513,25295.21,25296.44
2025-12-12 17:55:52.175644,25294.99,25296.28
2025-12-12 17:55:52.360191,25294.76,25295.8
2025-12-12 17:55:52.609840,25294.45,25295.49
2025-12-12 17:55:52.856095,25295.26,25296.3
2025-12-12 17:55:52.979842,25294.95,25296.24
2025-12-12 17:55:53.104153,25294.71,25296.0
2025-12-12 17:55:53.368635,25294.72,25296.01
2025-12-12 17:55:53.599410,25294.25,25295.54
2025-12-12 17:55:53.863328,25294.99,25296.28
2025-12-12 17:55:54.092686,25294.96,25296.25
2025-12-12 17:55:54.459400,25294.25,25295.54
2025-12-12 17:55:54.629917,25294.5,25295.54
2025-12-12 17:55:54.689569,25294.26,25295.55
2025-12-12 17:55:54.967155,25294.99,25296.03
2025-12-12 17:55:55.186915,25295.72,25297.01
2025-12-12 17:55:55.390694,25295.71,25296.75
2025-12-12 17:55:55.843277,25295.25,25296.54
2025-12-12 17:55:56.042993,25295.26,25296.3
2025-12-12 17:55:56.085232,25294.76,25296.05
2025-12-12 17:55:56.362384,25294.71,25295.75
2025-12-12 17:55:56.669440,25295.47,25296.76
2025-12-12 17:55:56.838363,25295.46,25296.5
2025-12-12 17:55:56.932506,25295.2,25296.24
2025-12-12 17:55:57.150552,25294.96,25296.25
2025-12-12 17:55:57.306090,25295.01,25296.05
2025-12-12 17:55:57.336009,25294.21,25295.25
2025-12-12 17:55:57.521773,25293.95,25295.24
2025-12-12 17:55:57.565423,25294.24,25295.28
2025-12-12 17:55:57.798418,25294.21,25295.25
2025-12-12 17:55:58.028226,25293.96,25295.25
2025-12-12 17:55:58.322459,25293.97,25295.01
2025-12-12 17:55:58.556318,25293.72,25295.01
2025-12-12 17:55:58.753697,25293.99,25295.28
2025-12-12 17:55:58.974115,25293.72,25294.76
2025-12-12 17:55:59.004142,25293.72,25295.01
2025-12-12 17:55:59.220988,25293.74,25294.78
2025-12-12 17:55:59.469693,25292.47,25293.51
2025-12-12 17:55:59.654108,25292.92,25293.82
2025-12-12 17:56:00.002376,25294.25,25295.29
2025-12-12 17:56:00.168223,25294.45,25295.35
2025-12-12 17:56:00.460250,25293.72,25295.01
2025-12-12 17:56:00.609226,25294.45,25295.35
2025-12-12 17:56:00.735432,25294.17,25295.07
2025-12-12 17:56:00.842534,25294.4,25295.3
2025-12-12 17:56:01.000749,25293.71,25294.75
2025-12-12 17:56:01.077202,25293.49,25294.53
2025-12-12 17:56:01.246735,25294.21,25295.25
2025-12-12 17:56:01.541170,25293.96,25295.0
2025-12-12 17:56:01.865650,25294.71,25296.0
2025-12-12 17:56:02.132352,25294.5,25295.79
2025-12-12 17:56:02.439968,25294.46,25295.5
2025-12-12 17:56:02.688225,25293.2,25294.49
2025-12-12 17:56:02.933354,25293.22,25294.51
2025-12-12 17:56:03.166102,25293.46,25294.75
2025-12-12 17:56:03.416087,25293.2,25294.49
2025-12-12 17:56:03.598263,25293.25,25294.29
2025-12-12 17:56:03.839615,25293.71,25294.61
2025-12-12 17:56:04.101122,25293.01,25294.3
2025-12-12 17:56:04.301509,25290.96,25292.0
2025-12-12 17:56:04.519669,25291.51,25292.8
2025-12-12 17:56:04.657305,25291.26,25292.55
2025-12-12 17:56:04.782584,25292.51,25293.8
2025-12-12 17:56:05.028603,25292.5,25293.54
2025-12-12 17:56:05.290669,25291.95,25293.24
2025-12-12 17:56:05.555094,25292.2,25293.49
2025-12-12 17:56:05.756472,25292.51,25293.55
2025-12-12 17:56:06.035494,25291.75,25293.04
2025-12-12 17:56:06.284188,25292.25,25293.29
2025-12-12 17:56:06.502016,25292.01,25293.05
2025-12-12 17:56:06.638330,25291.72,25293.01
2025-12-12 17:56:06.920508,25291.71,25292.75
2025-12-12 17:56:07.164824,25291.71,25293.0
2025-12-12 17:56:07.364144,25292.21,25293.5
2025-12-12 17:56:07.596573,25292.25,25293.29
2025-12-12 17:56:07.846248,25293.15,25294.05
2025-12-12 17:56:08.091197,25293.26,25294.3
2025-12-12 17:56:08.290971,25293.47,25294.76
2025-12-12 17:56:08.540004,25293.75,25295.04
2025-12-12 17:56:08.632402,25293.94,25294.84
2025-12-12 17:56:08.817191,25293.75,25294.79
2025-12-12 17:56:09.066703,25293.45,25294.74
2025-12-12 17:56:09.359516,25293.95,25294.99
2025-12-12 17:56:09.546745,25293.7,25294.99
2025-12-12 17:56:09.795504,25293.72,25295.01
2025-12-12 17:56:10.038845,25294.96,25296.0
2025-12-12 17:56:10.377460,25295.92,25296.82
2025-12-12 17:56:10.592428,25295.74,25297.03
2025-12-12 17:56:10.795409,25297.24,25298.28
2025-12-12 17:56:11.045221,25297.19,25298.09
2025-12-12 17:56:11.289497,25297.22,25298.26
2025-12-12 17:56:11.489557,25297.21,25298.25
2025-12-12 17:56:11.807700,25297.17,25298.07
2025-12-12 17:56:11.953718,25297.25,25298.54
2025-12-12 17:56:12.027230,25297.26,25298.3
2025-12-12 17:56:12.201485,25297.74,25298.78
2025-12-12 17:56:12.277390,25297.7,25298.99
2025-12-12 17:56:12.445634,25298.7,25299.74
2025-12-12 17:56:12.492787,25298.74,25300.03
2025-12-12 17:56:12.785707,25298.22,25299.51
2025-12-12 17:56:13.037676,25298.25,25299.29
2025-12-12 17:56:13.128473,25297.95,25299.24
2025-12-12 17:56:13.282650,25298.01,25299.3
2025-12-12 17:56:13.489886,25296.49,25297.78
2025-12-12 17:56:13.532509,25296.25,25297.54
2025-12-12 17:56:13.875403,25296.01,25297.05
2025-12-12 17:56:14.092081,25295.71,25297.0
2025-12-12 17:56:14.320550,25296.0,25297.29
2025-12-12 17:56:14.544171,25295.76,25296.8
2025-12-12 17:56:14.790167,25295.74,25297.03
2025-12-12 17:56:14.852238,25295.76,25296.8
2025-12-12 17:56:15.134318,25295.46,25296.75
2025-12-12 17:56:15.351551,25295.45,25296.49
2025-12-12 17:56:15.428469,25295.21,25296.25
2025-12-12 17:56:15.679073,25295.5,25296.79
2025-12-12 17:56:15.912248,25295.25,25296.54
2025-12-12 17:56:15.955065,25295.22,25296.26
2025-12-12 17:56:16.116320,25295.7,25296.99
2025-12-12 17:56:16.206476,25296.47,25297.76
2025-12-12 17:56:16.442204,25297.47,25298.76
2025-12-12 17:56:16.616681,25297.25,25298.29
2025-12-12 17:56:16.645313,25297.47,25298.51
