timestamp,bid,ask
2025-04-05 21:09:05.058903,20531.1,20537.8
2025-04-06 21:55:04.513354,20531.1,20537.8
2025-04-06 22:47:35.304243,20531.1,20537.8
2025-04-06 23:13:29.890959,20531.1,20537.8
2025-04-07 00:01:01.421959,20531.1,20537.8
2025-04-07 00:24:19.589997,20012.4,20021.6
2025-04-07 00:24:24.131341,19870.9,19880.1
2025-04-07 00:24:24.633517,19871.4,19880.6
2025-04-07 00:24:24.805811,19894.9,19904.1
2025-04-07 00:24:25.460678,19905.2,19906.7
2025-04-07 00:24:25.688441,19895.4,19904.6
2025-04-07 00:24:25.927202,19898.4,19907.6
2025-04-07 00:24:26.242730,19878.4,19887.6
2025-04-07 00:24:26.771905,19896.2,19897.7
2025-04-07 00:24:26.996214,19886.9,19896.1
2025-04-07 00:24:27.357631,19879.4,19888.6
2025-04-07 00:24:27.648001,19872.9,19879.0
2025-04-07 00:24:28.254792,19882.4,19891.6
2025-04-07 00:24:28.919039,19877.4,19886.6
2025-04-07 00:24:29.124551,19875.9,19885.1
2025-04-07 00:24:29.416108,19884.4,19893.6
2025-04-07 00:24:29.923210,19865.4,19874.6
2025-04-07 00:24:30.243915,19862.4,19871.6
2025-04-07 00:24:30.873628,19830.9,19840.1
2025-04-07 00:24:31.243715,19824.4,19833.6
2025-04-07 00:24:31.689781,19806.9,19816.1
2025-04-07 00:24:32.269298,19800.9,19810.1
2025-04-07 00:24:32.536413,19801.4,19810.6
2025-04-07 00:24:32.751251,19816.7,19818.2
2025-04-07 00:24:33.090629,19825.4,19834.6
2025-04-07 00:24:33.349273,19827.9,19837.1
2025-04-07 00:24:33.571601,19833.9,19841.0
2025-04-07 00:24:33.766446,19843.4,19852.6
2025-04-07 00:24:34.146506,19852.4,19861.6
2025-04-07 00:24:34.372392,19851.4,19860.6
2025-04-07 00:24:34.939555,19869.4,19878.6
2025-04-07 00:24:35.236420,19867.4,19876.6
2025-04-07 00:24:35.632634,19870.4,19879.6
2025-04-07 00:24:36.616283,19890.9,19895.0
2025-04-07 00:24:37.592250,19876.9,19886.1
2025-04-07 00:24:39.978842,19860.4,19869.6
2025-04-07 00:24:40.488505,19859.9,19869.1
2025-04-07 00:24:41.979522,19857.4,19866.6
2025-04-07 00:24:42.334921,19856.9,19866.1
2025-04-07 00:24:42.516870,19851.4,19860.6
2025-04-07 00:24:42.870781,19848.4,19857.6
2025-04-07 00:24:43.136614,19847.4,19856.6
2025-04-07 00:24:43.625149,19845.9,19855.0
2025-04-07 00:24:44.442970,19830.4,19839.6
2025-04-07 00:24:44.791977,19839.2,19840.7
2025-04-07 00:24:45.052290,19828.4,19837.6
2025-04-07 00:24:45.986478,19830.4,19839.6
2025-04-07 00:24:46.672877,19826.9,19830.0
2025-04-07 00:24:46.997336,19809.9,19819.1
2025-04-07 00:24:47.494027,19807.9,19817.1
2025-04-07 00:24:48.026502,19805.4,19814.6
2025-04-07 00:24:49.130060,19791.4,19800.6
2025-04-07 00:24:49.556399,19791.9,19801.1
2025-04-07 00:24:49.908967,19790.9,19800.1
2025-04-07 00:24:50.238300,19809.9,19819.1
2025-04-07 00:24:50.564378,19845.9,19855.1
2025-04-07 00:24:50.977758,19849.9,19859.1
2025-04-07 00:24:51.465512,19874.4,19883.6
2025-04-07 00:24:51.694950,19887.4,19896.6
2025-04-07 00:24:52.437844,19901.9,19911.0
2025-04-07 00:24:52.588022,19892.9,19902.0
2025-04-07 00:24:52.860682,19891.9,19901.1
2025-04-07 00:24:53.075558,19898.4,19907.6
2025-04-07 00:24:53.469312,19901.9,19911.0
2025-04-07 00:24:54.072323,19917.9,19927.1
2025-04-07 00:24:54.375534,19924.9,19931.0
2025-04-07 00:24:54.646834,19934.4,19943.6
2025-04-07 00:24:54.885006,19938.9,19948.1
2025-04-07 00:24:55.815135,19946.9,19956.0
2025-04-07 00:24:56.767301,19947.9,19956.0
2025-04-07 00:24:57.315803,19946.2,19947.7
2025-04-07 00:24:57.712604,19927.4,19936.6
2025-04-07 00:24:57.957952,19928.9,19938.1
2025-04-07 00:24:58.872650,19920.4,19929.6
2025-04-07 00:24:59.197232,19921.9,19931.1
2025-04-07 00:24:59.303462,19915.9,19920.0
2025-04-07 00:24:59.639073,19923.7,19925.2
2025-04-07 00:24:59.963473,19912.9,19925.0
2025-04-07 00:25:00.785996,19912.9,19923.0
2025-04-07 00:25:01.138836,19895.9,19915.0
2025-04-07 00:25:01.734928,19895.9,19907.0
2025-04-07 00:25:02.278180,19895.9,19905.0
2025-04-07 00:25:02.554383,19880.9,19893.0
2025-04-07 00:25:03.755614,19856.9,19870.0
2025-04-07 00:25:04.248933,19862.9,19871.0
2025-04-07 00:25:04.969284,19867.9,19886.0
2025-04-07 00:25:05.380628,19868.9,19885.0
2025-04-07 00:25:05.753637,19868.9,19890.0
2025-04-07 00:25:06.259933,19868.9,19887.0
2025-04-07 00:25:07.474399,19868.9,19885.0
2025-04-07 00:25:07.539194,19879.9,19884.0
2025-04-07 00:25:08.398291,19856.9,19874.0
2025-04-07 00:25:08.891986,19856.9,19871.0
2025-04-07 00:25:09.811831,19842.9,19856.0
2025-04-07 00:25:10.208398,19844.9,19856.0
2025-04-07 00:25:11.030839,19832.9,19855.0
2025-04-07 00:25:11.830176,19833.9,19843.0
2025-04-07 00:25:13.203713,19828.9,19842.0
2025-04-07 00:25:13.368934,19828.9,19853.0
2025-04-07 00:25:13.835418,19830.9,19852.0
2025-04-07 00:25:14.486585,19845.9,19852.0
2025-04-07 00:25:15.971025,19831.9,19852.0
2025-04-07 00:25:16.579135,19844.9,19852.0
2025-04-07 00:25:18.091984,19847.9,19856.0
2025-04-07 00:25:18.914599,19849.9,19856.0
2025-04-07 00:25:19.490351,19862.9,19876.0
2025-04-07 00:25:20.013517,19857.9,19875.0
2025-04-07 00:25:20.801393,19866.9,19886.0
2025-04-07 00:25:21.130860,19877.9,19886.0
2025-04-07 00:25:22.094408,19877.9,19893.0
2025-04-07 00:25:22.971025,19858.1,19883.8
2025-04-07 00:25:23.035692,19862.9,19885.0
2025-04-07 00:25:23.402982,19872.9,19884.0
2025-04-07 00:25:23.865619,19874.9,19884.0
2025-04-07 00:25:24.286498,19872.9,19884.0
2025-04-07 00:25:24.409981,19863.9,19883.0
2025-04-07 00:25:25.014239,19859.9,19879.0
2025-04-07 00:25:25.328488,19858.9,19879.0
2025-04-07 00:25:26.970244,19851.6,19877.3
2025-04-07 00:25:27.051025,19859.9,19874.0
2025-04-07 00:25:27.288535,19851.9,19873.0
2025-04-07 00:25:28.371429,19851.9,19872.0
2025-04-07 00:25:30.534536,19857.9,19883.0
2025-04-07 00:25:31.275524,19851.9,19874.0
2025-04-07 00:25:31.476532,19851.9,19870.0
2025-04-07 00:25:32.357697,19851.9,19868.0
2025-04-07 00:25:33.087675,19851.9,19873.0
2025-04-07 00:25:33.653981,19853.9,19873.0
2025-04-07 00:25:33.865836,19854.9,19873.0
2025-04-07 00:25:34.356561,19855.9,19881.0
2025-04-07 00:25:34.735405,19856.9,19868.0
2025-04-07 00:25:36.181364,19856.9,19873.0
2025-04-07 00:25:36.394504,19841.1,19866.8
2025-04-07 00:25:36.864716,19850.9,19872.0
2025-04-07 00:25:37.605377,19861.9,19878.0
2025-04-07 00:25:38.093180,19861.9,19870.0
2025-04-07 00:25:38.640463,19862.9,19877.0
2025-04-07 00:25:39.143628,19864.9,19880.0
2025-04-07 00:25:39.580555,19866.1,19891.8
2025-04-07 00:25:40.059821,19889.9,19897.0
2025-04-07 00:25:40.783484,19885.9,19897.0
2025-04-07 00:25:40.923843,19880.9,19891.0
2025-04-07 00:25:41.327066,19863.9,19883.0
2025-04-07 00:25:41.789951,19863.9,19879.0
2025-04-07 00:25:42.428568,19853.9,19866.0
2025-04-07 00:25:43.081656,19839.6,19865.3
2025-04-07 00:25:43.310627,19839.9,19852.0
2025-04-07 00:25:43.877575,19824.9,19839.0
2025-04-07 00:25:44.415165,19832.9,19839.0
2025-04-07 00:25:44.686815,19818.9,19826.0
2025-04-07 00:25:45.057056,19818.9,19827.0
2025-04-07 00:25:45.562331,19806.9,19823.0
2025-04-07 00:25:45.831802,19806.9,19814.0
2025-04-07 00:25:46.357879,19807.9,19827.0
2025-04-07 00:25:46.553393,19808.9,19830.0
2025-04-07 00:25:46.942951,19808.9,19826.0
2025-04-07 00:25:47.216250,19810.9,19834.0
2025-04-07 00:25:47.385762,19812.9,19830.0
2025-04-07 00:25:48.012597,19812.9,19833.0
2025-04-07 00:25:48.272646,19801.9,19821.0
2025-04-07 00:25:48.459470,19802.9,19825.0
2025-04-07 00:25:49.698653,19802.9,19822.0
2025-04-07 00:25:49.854494,19802.9,19810.0
2025-04-07 00:25:50.320475,19798.9,19821.0
2025-04-07 00:25:50.738067,19800.9,19821.0
2025-04-07 00:25:51.262495,19803.9,19825.0
2025-04-07 00:25:51.681723,19809.9,19827.0
2025-04-07 00:25:52.551404,19812.9,19826.0
2025-04-07 00:25:52.690250,19808.9,19826.0
2025-04-07 00:25:53.213409,19805.9,19809.0
2025-04-07 00:25:53.609320,19806.9,19818.0
2025-04-07 00:25:54.281532,19809.9,19817.0
2025-04-07 00:25:54.720103,19801.9,19810.0
2025-04-07 00:25:54.928024,19802.9,19816.0
2025-04-07 00:25:55.210844,19797.9,19806.0
2025-04-07 00:25:55.507190,19799.9,19812.0
2025-04-07 00:25:55.690921,19801.9,19811.0
2025-04-07 00:26:00.462935,19811.9,19821.0
2025-04-07 00:26:01.456646,19812.9,19834.0
2025-04-07 00:26:02.011781,19812.9,19833.0
2025-04-07 00:26:02.262736,19816.9,19835.0
2025-04-07 00:26:02.545801,19817.9,19840.0
2025-04-07 00:26:02.681362,19820.9,19841.0
2025-04-07 00:26:03.202584,19825.9,19840.0
2025-04-07 00:26:04.332087,19836.9,19840.0
2025-04-07 00:26:06.134758,19821.9,19840.0
2025-04-07 00:26:06.397685,19823.9,19840.0
2025-04-07 00:26:06.845554,19824.9,19840.0
2025-04-07 00:26:07.645070,19825.9,19840.0
2025-04-07 00:26:08.195050,19828.9,19842.0
2025-04-07 00:26:08.663862,19830.9,19842.0
2025-04-07 00:26:09.131862,19830.9,19847.0
2025-04-07 00:26:09.381548,19831.9,19846.0
2025-04-07 00:26:09.874465,19834.9,19847.0
2025-04-07 00:26:10.356738,19835.9,19846.0
2025-04-07 00:26:10.895941,19837.9,19847.0
2025-04-07 00:26:11.288230,19841.9,19847.0
2025-04-07 00:26:12.456087,19842.9,19851.0
2025-04-07 00:26:12.901546,19845.9,19851.0
2025-04-07 00:26:13.139080,19839.9,19851.0
2025-04-07 00:26:16.608912,19835.9,19850.0
2025-04-07 00:26:16.863323,19836.9,19849.0
2025-04-07 00:26:17.352727,19836.9,19848.0
2025-04-07 00:26:19.196377,19837.9,19848.0
2025-04-07 00:26:21.396422,19839.9,19849.0
2025-04-07 00:26:21.508546,19822.1,19847.8
2025-04-07 00:26:26.151459,19821.9,19842.0
2025-04-07 00:26:27.372173,19839.7,19841.2
2025-04-07 00:26:31.808282,19806.9,19820.0
2025-04-07 00:26:32.054333,19804.9,19820.0
2025-04-07 00:26:35.862380,19804.9,19828.0
2025-04-07 00:26:36.664345,19809.9,19828.0
2025-04-07 00:26:37.405046,19812.6,19838.3
2025-04-07 00:26:38.053683,19821.9,19840.0
2025-04-07 00:26:39.074737,19831.9,19849.0
2025-04-07 00:26:39.709925,19840.9,19849.0
2025-04-07 00:26:41.859073,19842.6,19868.3
2025-04-07 00:26:42.862078,19845.9,19868.0
2025-04-07 00:26:44.112842,19860.9,19868.0
2025-04-07 00:26:44.941547,19860.9,19867.0
2025-04-07 00:26:45.424082,19846.9,19868.0
2025-04-07 00:26:47.822388,19866.7,19868.2
2025-04-07 00:26:48.329061,19859.9,19871.0
2025-04-07 00:26:49.241094,19846.9,19871.0
2025-04-07 00:26:55.798324,19857.9,19871.0
2025-04-07 00:26:56.849056,19847.9,19871.0
2025-04-07 00:27:02.258098,19847.9,19862.0
2025-04-07 00:27:03.184878,19833.6,19859.3
2025-04-07 00:27:04.540349,19831.9,19844.0
2025-04-07 00:27:05.274564,19828.9,19844.0
2025-04-07 00:27:06.854969,19829.9,19843.0
2025-04-07 00:27:07.984142,19828.9,19843.0
2025-04-07 00:27:10.441391,19829.9,19842.0
2025-04-07 00:27:13.317092,19832.6,19858.3
2025-04-07 00:27:14.816748,19831.1,19856.8
2025-04-07 00:27:15.392149,19831.9,19856.0
2025-04-07 00:27:18.564009,19839.9,19855.0
2025-04-07 00:27:19.796064,19838.9,19855.0
2025-04-07 00:27:20.752647,19844.9,19855.0
2025-04-07 00:27:21.210099,19845.9,19855.0
2025-04-07 00:27:21.861064,19845.9,19862.0
2025-04-07 00:27:22.730949,19851.9,19865.0
2025-04-07 00:27:23.255573,19866.9,19872.0
2025-04-07 00:27:24.399630,19867.9,19883.0
2025-04-07 00:27:26.803541,19868.9,19883.0
2025-04-07 00:27:28.207632,19869.9,19882.0
2025-04-07 00:27:30.931294,19866.9,19882.0
2025-04-07 00:27:31.987351,19859.9,19881.0
2025-04-07 00:27:32.564696,19868.9,19880.0
2025-04-07 00:27:34.201119,19869.9,19882.0
2025-04-07 00:27:34.922793,19869.9,19883.0
2025-04-07 00:27:36.011866,19869.9,19884.0
2025-04-07 00:27:37.187690,19870.1,19895.8
2025-04-07 00:27:38.042671,19869.9,19895.0
2025-04-07 00:27:39.045197,19869.9,19894.0
2025-04-07 00:27:42.487966,19879.9,19894.0
2025-04-07 00:27:57.589051,19880.9,19893.0
2025-04-07 00:28:00.006725,19880.9,19899.0
2025-04-07 00:28:00.535308,19880.9,19898.0
2025-04-07 00:28:01.025041,19881.9,19897.0
2025-04-07 00:28:01.535519,19882.9,19896.0
2025-04-07 00:28:03.094618,19882.9,19899.0
2025-04-07 00:28:05.676929,19891.9,19899.0
2025-04-07 00:28:06.606761,19892.9,19898.0
2025-04-07 00:28:08.409411,19893.9,19898.0
2025-04-07 00:28:09.768002,19896.9,19906.0
2025-04-07 00:28:10.177370,19896.9,19909.0
2025-04-07 00:28:11.545244,19898.9,19910.0
2025-04-07 00:28:12.679399,19898.9,19915.0
2025-04-07 00:28:14.476016,19899.9,19913.0
2025-04-07 00:28:15.839580,19900.9,19912.0
2025-04-07 00:28:16.729319,19900.9,19909.0
2025-04-07 00:28:19.403648,19893.9,19900.0
2025-04-07 00:28:20.291595,19880.9,19894.0
2025-04-07 00:28:21.709425,19880.9,19893.0
2025-04-07 00:28:21.978894,19880.9,19894.0
2025-04-07 00:28:24.120692,19880.9,19903.0
2025-04-07 00:28:25.651896,19881.9,19903.0
2025-04-07 00:28:25.961517,19884.9,19904.0
2025-04-07 00:28:27.291487,19885.9,19904.0
2025-04-07 00:28:32.706187,19885.9,19909.0
2025-04-07 00:28:34.692703,19885.9,19907.0
2025-04-07 00:28:35.390837,19879.9,19904.0
2025-04-07 00:28:35.962085,19880.9,19898.0
2025-04-07 00:28:36.053020,19880.9,19895.0
2025-04-07 00:28:37.180587,19880.9,19898.0
2025-04-07 00:28:39.501816,19881.9,19898.0
2025-04-07 00:28:40.367971,19896.2,19897.7
2025-04-07 00:28:40.813694,19897.9,19913.0
2025-04-07 00:28:41.625031,19898.9,19912.0
2025-04-07 00:28:42.455305,19905.9,19912.0
2025-04-07 00:28:42.951456,19906.9,19913.0
2025-04-07 00:28:43.510475,19890.9,19909.0
2025-04-07 00:28:44.902048,19891.9,19905.0
2025-04-07 00:28:45.946491,19893.9,19913.0
2025-04-07 00:28:51.650516,19893.9,19913.0
2025-04-07 00:28:54.425580,19894.9,19912.0
2025-04-07 00:28:54.913291,19894.9,19905.0
2025-04-07 00:28:56.801623,19895.9,19905.0
2025-04-07 00:28:57.533837,19895.9,19901.0
2025-04-07 00:28:58.001096,19895.9,19913.0
2025-04-07 00:29:01.575283,19904.9,19912.0
2025-04-07 00:29:03.479280,19905.9,19909.0
2025-04-07 00:29:04.271275,19905.9,19921.0
2025-04-07 00:29:04.360487,19905.9,19917.0
2025-04-07 00:29:04.577919,19905.9,19911.0
2025-04-07 00:29:05.107574,19905.9,19916.0
2025-04-07 00:29:05.706004,19905.9,19910.0
2025-04-07 00:29:06.191335,19905.9,19920.0
2025-04-07 00:29:11.818838,19905.9,19919.0
2025-04-07 00:29:16.119641,19905.9,19921.0
2025-04-07 00:29:17.370245,19905.9,19919.0
2025-04-07 00:29:18.398525,19905.9,19917.0
2025-04-07 00:29:18.984550,19906.9,19913.0
2025-04-07 00:29:19.783136,19905.9,19912.0
2025-04-07 00:29:20.226344,19905.9,19921.0
2025-04-07 00:29:24.584555,19905.9,19915.0
2025-04-07 00:29:25.051923,19905.9,19908.0
2025-04-07 00:29:25.537898,19905.9,19921.0
2025-04-07 00:29:26.294006,19905.9,19909.0
2025-04-07 00:29:26.642862,19905.9,19921.0
2025-04-07 00:29:26.903877,19905.9,19915.0
2025-04-07 00:29:27.870734,19905.9,19920.0
2025-04-07 00:29:34.530883,19905.9,19918.0
2025-04-07 00:29:40.211612,19905.9,19921.0
2025-04-07 00:29:47.336060,19905.9,19919.0
2025-04-07 00:29:54.419512,19906.9,19919.0
2025-04-07 00:29:54.982895,19919.6,19945.3
2025-04-07 00:29:55.362423,19920.9,19945.0
2025-04-07 00:29:55.851316,19924.9,19945.0
2025-04-07 00:29:55.876033,19930.9,19945.0
2025-04-07 00:29:56.488774,19932.9,19946.0
2025-04-07 00:29:56.892927,19933.9,19949.0
2025-04-07 00:29:57.276337,19927.9,19947.0
2025-04-07 00:29:57.575884,19936.9,19948.0
2025-04-07 00:29:58.691478,19938.9,19949.0
2025-04-07 00:29:59.305691,19939.9,19955.0
2025-04-07 00:30:01.080712,19939.9,19962.0
2025-04-07 00:30:02.234606,19939.9,19961.0
2025-04-07 00:30:03.191088,19942.9,19961.0
2025-04-07 00:30:15.984606,19947.1,19972.8
2025-04-07 00:30:17.498404,19953.9,19976.0
2025-04-07 00:30:18.616928,19953.9,19975.0
2025-04-07 00:30:23.804293,19959.9,19975.0
2025-04-07 00:30:24.329100,19960.9,19979.0
2025-04-07 00:30:26.397219,19960.9,19978.0
2025-04-07 00:30:29.354052,19960.9,19981.0
2025-04-07 00:30:30.129903,19962.1,19987.8
2025-04-07 00:30:30.544259,19970.9,19988.0
2025-04-07 00:30:31.339866,19970.9,19994.0
2025-04-07 00:30:32.340764,19977.9,19993.0
2025-04-07 00:30:36.645157,19977.9,19988.0
2025-04-07 00:30:37.337324,19977.9,19989.0
2025-04-07 00:30:38.096827,19977.9,19992.0
2025-04-07 00:30:39.766437,19977.9,19989.0
2025-04-07 00:30:41.253240,19978.9,19988.0
2025-04-07 00:30:42.017773,19972.9,19981.0
2025-04-07 00:30:48.676816,19972.9,19985.0
2025-04-07 00:30:49.061273,19972.9,19993.0
2025-04-07 00:30:49.807052,19972.9,19989.0
2025-04-07 00:30:49.824411,19972.9,19985.0
2025-04-07 00:30:50.239888,19972.9,19983.0
2025-04-07 00:30:50.439744,19972.9,19981.0
2025-04-07 00:30:50.693423,19962.9,19974.0
2025-04-07 00:30:51.195389,19962.9,19973.0
2025-04-07 00:30:51.386642,19962.9,19972.0
2025-04-07 00:30:51.949122,19962.9,19975.0
2025-04-07 00:30:52.399543,19962.9,19973.0
2025-04-07 00:30:52.695408,19962.9,19971.0
2025-04-07 00:30:52.982707,19962.9,19976.0
2025-04-07 00:30:53.268307,19961.9,19969.0
2025-04-07 00:30:53.578827,19961.9,19968.0
2025-04-07 00:30:53.748386,19953.9,19961.0
2025-04-07 00:30:54.608116,19953.9,19957.0
2025-04-07 00:30:55.518967,19953.9,19975.0
2025-04-07 00:30:57.159351,19953.9,19973.0
2025-04-07 00:30:57.682418,19953.9,19971.0
2025-04-07 00:30:57.934212,19953.9,19964.0
2025-04-07 00:30:58.720850,19953.9,19957.0
2025-04-07 00:30:58.901983,19953.9,19968.0
2025-04-07 00:30:59.671329,19953.9,19967.0
2025-04-07 00:30:59.876003,19953.9,19957.0
2025-04-07 00:31:00.199207,19952.9,19957.0
2025-04-07 00:31:04.443146,19953.9,19967.0
2025-04-07 00:31:06.844212,19953.9,19966.0
2025-04-07 00:31:17.537930,19953.9,19970.0
2025-04-07 00:31:19.092441,19953.9,19974.0
2025-04-07 00:31:21.215080,19953.9,19973.0
2025-04-07 00:31:31.133326,19954.6,19980.3
2025-04-07 00:31:41.423487,19955.9,19980.0
2025-04-07 00:31:42.178862,19955.9,19979.0
2025-04-07 00:31:42.540155,19956.9,19979.0
2025-04-07 00:31:43.547544,19958.9,19979.0
2025-04-07 00:31:44.351877,19959.9,19979.0
2025-04-07 00:31:44.588598,19952.9,19971.0
2025-04-07 00:31:44.905578,19952.9,19970.0
2025-04-07 00:31:45.994129,19953.9,19962.0
2025-04-07 00:31:46.308669,19952.9,19962.0
2025-04-07 00:31:46.953257,19953.9,19971.0
2025-04-07 00:31:47.617732,19952.9,19963.0
2025-04-07 00:31:47.892325,19953.9,19972.0
2025-04-07 00:31:48.516144,19953.9,19965.0
2025-04-07 00:31:48.931261,19953.9,19974.0
2025-04-07 00:31:51.740881,19953.9,19972.0
2025-04-07 00:32:04.579012,19958.6,19984.3
2025-04-07 00:32:09.345784,19957.6,19983.3
2025-04-07 00:32:14.333860,19953.9,19977.0
2025-04-07 00:32:14.620800,19953.9,19975.0
2025-04-07 00:32:25.747804,19953.9,19974.0
2025-04-07 00:32:29.054388,19953.9,19973.0
2025-04-07 00:32:29.825789,19953.9,19970.0
2025-04-07 00:32:34.332247,19953.9,19969.0
2025-04-07 00:32:34.694078,19953.9,19968.0
2025-04-07 00:32:35.184747,19953.9,19966.0
2025-04-07 00:32:37.638656,19953.9,19965.0
2025-04-07 00:32:37.973514,19953.9,19964.0
2025-04-07 00:32:38.313462,19953.9,19963.0
2025-04-07 00:32:39.089654,19953.9,19962.0
2025-04-07 00:32:41.836250,19953.9,19961.0
2025-04-07 00:32:46.481161,19953.9,19957.0
2025-04-07 00:32:50.509386,19953.9,19974.0
2025-04-07 00:32:50.861341,19953.9,19972.0
2025-04-07 00:32:51.264081,19953.9,19970.0
2025-04-07 00:32:51.754855,19956.9,19978.0
2025-04-07 00:32:52.229724,19957.9,19976.0
2025-04-07 00:32:52.511968,19961.9,19976.0
2025-04-07 00:32:53.064909,19963.9,19976.0
2025-04-07 00:32:53.496046,19965.9,19976.0
2025-04-07 00:32:53.991439,19967.9,19976.0
2025-04-07 00:32:57.651914,19968.9,19988.0
2025-04-07 00:32:57.889896,19968.9,19986.0
2025-04-07 00:32:58.373855,19971.9,19984.0
2025-04-07 00:32:58.590702,19973.9,19982.0
2025-04-07 00:32:58.897252,19975.9,19980.0
2025-04-07 00:32:59.527389,19965.9,19982.0
2025-04-07 00:32:59.961273,19971.9,19987.0
2025-04-07 00:33:00.182232,19971.9,19985.0
2025-04-07 00:33:00.978159,19971.9,19977.0
2025-04-07 00:33:02.528280,19971.9,19996.0
2025-04-07 00:33:03.150636,19971.9,19994.0
2025-04-07 00:33:04.778335,19971.9,19992.0
2025-04-07 00:33:05.239465,19971.9,19986.0
2025-04-07 00:33:06.581135,19971.9,19982.0
2025-04-07 00:33:07.073929,19971.9,19981.0
2025-04-07 00:33:07.441179,19970.9,19981.0
2025-04-07 00:33:07.920116,19970.9,19978.0
2025-04-07 00:33:08.367981,19953.9,19970.0
2025-04-07 00:33:08.614540,19953.9,19965.0
2025-04-07 00:33:09.830656,19953.9,19964.0
2025-04-07 00:33:11.380471,19952.9,19963.0
2025-04-07 00:33:12.979987,19953.9,19962.0
2025-04-07 00:33:13.522564,19952.9,19962.0
2025-04-07 00:33:14.002038,19953.9,19962.0
2025-04-07 00:33:14.595382,19952.9,19958.0
2025-04-07 00:33:15.084465,19953.9,19965.0
2025-04-07 00:33:16.101240,19952.9,19964.0
2025-04-07 00:33:17.070718,19953.9,19958.0
2025-04-07 00:33:18.087846,19953.7,19955.2
2025-04-07 00:33:18.593250,19953.9,19964.0
2025-04-07 00:33:19.982249,19952.9,19965.0
2025-04-07 00:33:22.050050,19953.9,19965.0
2025-04-07 00:33:24.152851,19953.9,19958.0
2025-04-07 00:33:26.521226,19953.9,19970.0
2025-04-07 00:33:28.057716,19953.9,19976.0
2025-04-07 00:33:33.985656,19958.6,19984.3
2025-04-07 00:33:34.524238,19957.6,19983.3
2025-04-07 00:33:37.244936,19957.1,19982.8
2025-04-07 00:33:38.283498,19956.6,19982.3
2025-04-07 00:33:40.381333,19956.1,19981.8
2025-04-07 00:33:40.593328,19955.6,19981.3
2025-04-07 00:33:40.859794,19955.1,19980.8
2025-04-07 00:33:41.265266,19953.9,19978.0
2025-04-07 00:33:44.851418,19953.9,19974.0
2025-04-07 00:33:45.168103,19953.9,19967.0
2025-04-07 00:33:47.144103,19953.9,19973.0
2025-04-07 00:33:48.301825,19953.9,19963.0
2025-04-07 00:33:52.130591,19953.9,19972.0
2025-04-07 00:33:57.308249,19953.9,19971.0
2025-04-07 00:34:01.528873,19953.9,19970.0
2025-04-07 00:34:01.997780,19953.9,19979.0
2025-04-07 00:34:06.012414,19953.9,19978.0
2025-04-07 00:34:08.156390,19960.9,19977.0
2025-04-07 00:34:08.660518,19961.9,19978.0
2025-04-07 00:34:08.934233,19963.9,19978.0
2025-04-07 00:34:09.448621,19965.9,19978.0
2025-04-07 00:34:09.878770,19967.9,19978.0
2025-04-07 00:34:10.319569,19969.9,19978.0
2025-04-07 00:34:15.919281,19973.9,19978.0
2025-04-07 00:34:16.457725,19975.9,19987.0
2025-04-07 00:34:16.951328,19982.9,19987.0
2025-04-07 00:34:18.695321,19976.9,19986.0
2025-04-07 00:34:18.943213,19978.9,19999.0
2025-04-07 00:34:23.378259,19978.9,19997.0
2025-04-07 00:34:23.816552,19978.9,19995.0
2025-04-07 00:34:24.442105,19978.9,19990.0
2025-04-07 00:34:24.982267,19964.9,19984.0
2025-04-07 00:34:27.831740,19964.9,19981.0
2025-04-07 00:34:29.566184,19964.9,19979.0
2025-04-07 00:34:31.099702,19964.9,19980.0
2025-04-07 00:34:36.352557,19964.9,19979.0
2025-04-07 00:34:42.989256,19959.9,19963.0
2025-04-07 00:34:47.568911,19960.9,19976.0
2025-04-07 00:34:48.218595,19960.9,19973.0
2025-04-07 00:34:52.562523,19953.9,19976.0
2025-04-07 00:34:52.937027,19955.6,19981.3
2025-04-07 00:34:57.319392,19956.1,19981.8
2025-04-07 00:34:58.418253,19955.6,19981.3
2025-04-07 00:34:59.649671,19955.1,19980.8
2025-04-07 00:35:00.160919,19953.9,19977.0
2025-04-07 00:35:00.403385,19953.9,19975.0
2025-04-07 00:35:00.619841,19953.9,19974.0
2025-04-07 00:35:01.409709,19953.9,19972.0
2025-04-07 00:35:01.630170,19953.9,19971.0
2025-04-07 00:35:02.244717,19953.9,19966.0
2025-04-07 00:35:02.939882,19953.9,19963.0
2025-04-07 00:35:03.536076,19953.9,19960.0
2025-04-07 00:35:06.539845,19953.9,19974.0
2025-04-07 00:35:10.851666,19953.9,19972.0
2025-04-07 00:35:14.509797,19953.9,19971.0
2025-04-07 00:35:21.696601,19953.9,19970.0
2025-04-07 00:35:21.959824,19953.9,19968.0
2025-04-07 00:35:34.883718,19958.1,19983.8
2025-04-07 00:35:35.017007,19957.6,19983.3
2025-04-07 00:35:35.437560,19957.1,19982.8
2025-04-07 00:35:39.681548,19956.6,19982.3
2025-04-07 00:35:52.312112,19958.1,19983.8
2025-04-07 00:35:52.662628,19960.9,19984.0
2025-04-07 00:35:55.193897,19962.9,19981.0
2025-04-07 00:35:55.904380,19963.9,19981.0
2025-04-07 00:35:56.369008,19965.9,19981.0
2025-04-07 00:35:56.862746,19967.9,19981.0
2025-04-07 00:35:57.485999,19968.9,19981.0
2025-04-07 00:35:58.425565,19969.9,19981.0
2025-04-07 00:36:05.007031,19970.9,19981.0
2025-04-07 00:36:06.772794,19970.9,19980.0
2025-04-07 00:36:07.167559,19961.9,19978.0
2025-04-07 00:36:07.800300,19962.9,19976.0
2025-04-07 00:36:08.230790,19953.9,19974.0
2025-04-07 00:36:18.170897,19953.9,19967.0
2025-04-07 00:36:20.302845,19952.9,19957.0
2025-04-07 00:36:20.747449,19952.2,19953.7
2025-04-07 00:36:21.000384,19952.9,19955.0
2025-04-07 00:36:21.279989,19953.9,19962.0
2025-04-07 00:36:21.964733,19953.9,19963.0
2025-04-07 00:36:22.682049,19953.9,19962.0
2025-04-07 00:36:23.028384,19953.9,19963.0
2025-04-07 00:36:38.712721,19953.9,19971.0
2025-04-07 00:36:40.905258,19954.9,19971.0
2025-04-07 00:36:44.121696,19952.9,19971.0
2025-04-07 00:36:45.364202,19953.9,19971.0
2025-04-07 00:36:50.239084,19953.9,19970.0
2025-04-07 00:36:57.478986,19953.9,19968.0
2025-04-07 00:36:58.334526,19941.1,19966.8
2025-04-07 00:37:00.030409,19952.9,19965.0
2025-04-07 00:37:02.461010,19952.9,19963.0
2025-04-07 00:37:03.064025,19952.9,19960.0
2025-04-07 00:37:05.953962,19941.9,19960.0
2025-04-07 00:37:10.580650,19942.9,19960.0
2025-04-07 00:37:14.084595,19942.9,19952.0
2025-04-07 00:37:16.878489,19941.9,19952.0
2025-04-07 00:37:17.618079,19941.9,19951.0
2025-04-07 00:37:18.399333,19941.9,19952.0
2025-04-07 00:37:34.077510,19941.9,19951.0
2025-04-07 00:37:34.941524,19941.9,19952.0
2025-04-07 00:37:37.125663,19941.9,19951.0
2025-04-07 00:37:39.229284,19941.9,19952.0
2025-04-07 00:37:47.205599,19941.9,19960.0
2025-04-07 00:38:00.226916,19942.9,19960.0
2025-04-07 00:38:00.737269,19943.9,19960.0
2025-04-07 00:38:08.302343,19943.9,19959.0
2025-04-07 00:38:09.758295,19943.9,19960.0
2025-04-07 00:38:17.343811,19943.9,19961.0
2025-04-07 00:38:20.185752,19943.9,19959.0
2025-04-07 00:38:26.206813,19943.9,19957.0
2025-04-07 00:38:31.086375,19943.9,19955.0
2025-04-07 00:38:33.538139,19943.9,19953.0
2025-04-07 00:38:42.228992,19943.9,19955.0
2025-04-07 00:38:42.833325,19943.9,19954.0
2025-04-07 00:38:43.095097,19943.9,19955.0
2025-04-07 00:38:49.494454,19943.9,19954.0
2025-04-07 00:39:04.432180,19943.9,19955.0
2025-04-07 00:39:10.375193,19944.9,19955.0
2025-04-07 00:39:11.117994,19946.9,19955.0
2025-04-07 00:39:11.955009,19947.9,19957.0
2025-04-07 00:39:12.664404,19948.9,19963.0
2025-04-07 00:39:12.926043,19950.9,19963.0
2025-04-07 00:39:13.584467,19953.9,19963.0
2025-04-07 00:39:13.886786,19954.9,19963.0
2025-04-07 00:39:17.866833,19959.9,19963.0
2025-04-07 00:39:18.934369,19959.9,19970.0
2025-04-07 00:39:19.409573,19963.9,19970.0
2025-04-07 00:39:19.770071,19955.9,19970.0
2025-04-07 00:39:20.318647,19951.9,19968.0
2025-04-07 00:39:20.800806,19946.9,19966.0
2025-04-07 00:40:00.890021,19946.9,19964.0
2025-04-07 00:40:01.446786,19946.9,19963.0
2025-04-07 00:40:01.682508,19946.9,19962.0
2025-04-07 00:40:02.874764,19946.9,19961.0
2025-04-07 00:40:03.306345,19946.9,19960.0
2025-04-07 00:40:04.551800,19946.9,19969.0
2025-04-07 00:40:11.909500,19946.9,19967.0
2025-04-07 00:40:12.521528,19946.9,19966.0
2025-04-07 00:40:14.887903,19946.9,19965.0
2025-04-07 00:40:16.071050,19946.9,19964.0
2025-04-07 00:40:16.408373,19946.9,19963.0
2025-04-07 00:40:20.509128,19947.9,19963.0
2025-04-07 00:40:20.944318,19949.9,19970.0
2025-04-07 00:40:21.428610,19952.9,19970.0
2025-04-07 00:40:22.068933,19954.9,19970.0
2025-04-07 00:40:22.499660,19956.9,19970.0
2025-04-07 00:40:23.048380,19958.9,19970.0
2025-04-07 00:40:23.335616,19961.9,19970.0
2025-04-07 00:40:24.054822,19962.9,19970.0
2025-04-07 00:40:24.499280,19963.9,19971.0
2025-04-07 00:40:25.248273,19963.9,19970.0
2025-04-07 00:40:29.812072,19950.9,19962.0
2025-04-07 00:40:32.610271,19950.9,19961.0
2025-04-07 00:40:32.980288,19951.9,19961.0
2025-04-07 00:40:33.654854,19950.9,19961.0
2025-04-07 00:40:33.761597,19951.9,19961.0
2025-04-07 00:40:34.177548,19950.9,19961.0
2025-04-07 00:40:34.430229,19951.9,19961.0
2025-04-07 00:40:35.981700,19951.7,19953.2
2025-04-07 00:40:38.399185,19947.9,19961.0
2025-04-07 00:40:38.639694,19948.9,19961.0
2025-04-07 00:40:39.714027,19948.9,19960.0
2025-04-07 00:40:42.723302,19941.9,19958.0
2025-04-07 00:40:47.769499,19941.9,19957.0
2025-04-07 00:40:53.989124,19941.9,19956.0
2025-04-07 00:40:55.886250,19941.9,19955.0
2025-04-07 00:41:03.019279,19941.9,19954.0
2025-04-07 00:41:14.178010,19941.9,19961.0
2025-04-07 00:41:19.146536,19941.9,19960.0
2025-04-07 00:41:22.981847,19941.9,19962.0
2025-04-07 00:41:25.457198,19945.9,19962.0
2025-04-07 00:41:26.703774,19946.9,19961.0
2025-04-07 00:41:34.395802,19946.9,19962.0
2025-04-07 00:41:35.767184,19946.9,19961.0
2025-04-07 00:41:35.972160,19946.9,19962.0
2025-04-07 00:41:39.790980,19946.9,19961.0
2025-04-07 00:41:41.204716,19946.9,19962.0
2025-04-07 00:41:44.356945,19946.9,19961.0
2025-04-07 00:41:54.694548,19946.9,19960.0
2025-04-07 00:41:55.434334,19946.9,19962.0
2025-04-07 00:42:05.993924,19946.9,19970.0
2025-04-07 00:42:22.021467,19946.9,19968.0
2025-04-07 00:42:41.086490,19946.9,19967.0
2025-04-07 00:42:43.944658,19947.6,19973.3
2025-04-07 00:42:46.909076,19947.9,19973.0
2025-04-07 00:42:52.562151,19950.9,19973.0
2025-04-07 00:43:09.229794,19953.9,19973.0
2025-04-07 00:43:10.509998,19956.9,19973.0
2025-04-07 00:43:11.219033,19958.9,19973.0
2025-04-07 00:43:11.607656,19960.9,19973.0
2025-04-07 00:43:11.858916,19962.9,19973.0
2025-04-07 00:43:14.315583,19952.9,19971.0
2025-04-07 00:43:16.804910,19948.9,19971.0
2025-04-07 00:43:22.574084,19950.9,19971.0
2025-04-07 00:43:23.177980,19952.9,19971.0
2025-04-07 00:43:24.441305,19953.9,19971.0
2025-04-07 00:43:25.789458,19954.9,19971.0
2025-04-07 00:43:32.171568,19955.9,19971.0
2025-04-07 00:43:36.366959,19956.9,19971.0
2025-04-07 00:43:36.857819,19957.9,19971.0
2025-04-07 00:43:37.614497,19958.9,19971.0
2025-04-07 00:43:40.265257,19957.9,19971.0
2025-04-07 00:43:42.033384,19943.6,19969.3
2025-04-07 00:43:47.196745,19944.1,19969.8
2025-04-07 00:43:48.852396,19952.9,19971.0
2025-04-07 00:43:53.981951,19952.9,19962.0
2025-04-07 00:43:54.577913,19943.9,19951.0
2025-04-07 00:43:54.807162,19941.9,19949.0
2025-04-07 00:43:55.533180,19940.9,19950.0
2025-04-07 00:43:56.868806,19941.9,19950.0
2025-04-07 00:43:59.608564,19940.9,19950.0
2025-04-07 00:44:00.562217,19941.9,19950.0
2025-04-07 00:44:03.233172,19940.9,19949.0
2025-04-07 00:44:10.676939,19934.9,19948.0
2025-04-07 00:44:12.345857,19932.9,19947.0
2025-04-07 00:44:13.245717,19932.9,19946.0
2025-04-07 00:44:14.175838,19927.9,19946.0
2025-04-07 00:44:15.611367,19927.9,19939.0
2025-04-07 00:44:23.259254,19921.9,19937.0
2025-04-07 00:44:23.915467,19922.9,19936.0
2025-04-07 00:44:39.721025,19922.9,19944.0
2025-04-07 00:44:44.578831,19922.9,19942.0
2025-04-07 00:44:45.959177,19922.9,19941.0
2025-04-07 00:44:51.007711,19922.9,19940.0
2025-04-07 00:44:53.621353,19922.9,19939.0
2025-04-07 00:44:54.131292,19922.9,19938.0
2025-04-07 00:44:57.891322,19922.9,19939.0
2025-04-07 00:44:58.986402,19922.9,19947.0
2025-04-07 00:45:10.980866,19922.9,19943.0
2025-04-07 00:45:11.548091,19921.9,19939.0
2025-04-07 00:45:12.546523,19921.9,19937.0
2025-04-07 00:45:13.543580,19922.9,19936.0
2025-04-07 00:45:20.357290,19912.9,19936.0
2025-04-07 00:45:21.037230,19914.9,19936.0
2025-04-07 00:45:22.289489,19915.9,19935.0
2025-04-07 00:45:29.626301,19915.9,19928.0
2025-04-07 00:45:31.494268,19915.9,19925.0
2025-04-07 00:45:34.574611,19907.9,19924.0
2025-04-07 00:45:35.821197,19907.9,19920.0
2025-04-07 00:45:37.942630,19907.9,19919.0
2025-04-07 00:45:43.223978,19895.9,19919.0
2025-04-07 00:45:57.580068,19898.9,19919.0
2025-04-07 00:45:58.194386,19899.9,19919.0
2025-04-07 00:46:09.409566,19900.9,19919.0
2025-04-07 00:46:10.821166,19902.9,19919.0
2025-04-07 00:46:12.508716,19902.9,19918.0
2025-04-07 00:46:13.073807,19900.9,19917.0
2025-04-07 00:46:14.993348,19901.9,19917.0
2025-04-07 00:46:18.402950,19900.9,19917.0
2025-04-07 00:46:18.711137,19901.9,19917.0
2025-04-07 00:46:21.571701,19901.9,19916.0
2025-04-07 00:46:21.837463,19901.9,19914.0
2025-04-07 00:46:22.263041,19901.9,19912.0
2025-04-07 00:46:22.662607,19901.9,19910.0
2025-04-07 00:46:23.302874,19895.9,19908.0
2025-04-07 00:46:23.611261,19895.9,19906.0
2025-04-07 00:46:24.304351,19889.9,19904.0
2025-04-07 00:46:24.633648,19889.9,19901.0
2025-04-07 00:46:25.233920,19889.9,19900.0
2025-04-07 00:46:25.537399,19889.9,19898.0
2025-04-07 00:46:26.112708,19888.9,19896.0
2025-04-07 00:46:26.636567,19876.9,19889.0
2025-04-07 00:46:27.346388,19877.9,19887.0
2025-04-07 00:46:27.562257,19877.9,19885.0
2025-04-07 00:46:27.925614,19877.7,19879.2
2025-04-07 00:46:29.640575,19879.9,19897.0
2025-04-07 00:46:32.939112,19880.9,19896.0
2025-04-07 00:46:37.494150,19880.9,19895.0
2025-04-07 00:46:45.321344,19880.9,19903.0
2025-04-07 00:46:46.856269,19880.9,19904.0
2025-04-07 00:47:00.395450,19880.9,19899.0
2025-04-07 00:47:06.604787,19883.1,19908.8
2025-04-07 00:47:09.692416,19886.1,19911.8
2025-04-07 00:47:19.772717,19891.9,19916.0
2025-04-07 00:47:21.812169,19892.9,19915.0
2025-04-07 00:47:22.800022,19892.9,19913.0
2025-04-07 00:47:25.006305,19894.9,19912.0
2025-04-07 00:47:27.047417,19894.9,19909.0
2025-04-07 00:47:27.799398,19894.9,19906.0
2025-04-07 00:47:41.769512,19884.9,19903.0
2025-04-07 00:47:56.160848,19885.9,19907.0
2025-04-07 00:48:01.304777,19885.9,19909.0
2025-04-07 00:48:01.603708,19886.9,19908.0
2025-04-07 00:48:01.819400,19886.9,19907.0
2025-04-07 00:48:02.152260,19887.9,19906.0
2025-04-07 00:48:03.544025,19888.9,19906.0
2025-04-07 00:48:17.141369,19888.9,19904.0
2025-04-07 00:48:17.720294,19888.9,19901.0
2025-04-07 00:48:19.299720,19884.9,19899.0
2025-04-07 00:48:19.754789,19885.9,19899.0
2025-04-07 00:48:20.074262,19885.9,19901.0
2025-04-07 00:48:20.283102,19886.9,19899.0
2025-04-07 00:48:26.790867,19886.9,19900.0
2025-04-07 00:48:27.765228,19886.9,19896.0
2025-04-07 00:48:28.573241,19886.9,19900.0
2025-04-07 00:48:31.756247,19886.9,19899.0
2025-04-07 00:48:34.228640,19886.9,19907.0
2025-04-07 00:48:51.897612,19905.9,19914.0
2025-04-07 00:48:51.957954,19905.9,19915.0
2025-04-07 00:48:53.403931,19905.9,19923.0
2025-04-07 00:48:54.266425,19910.9,19922.0
2025-04-07 00:48:54.495600,19911.9,19923.0
2025-04-07 00:48:55.307019,19911.9,19930.0
2025-04-07 00:48:59.125125,19918.9,19930.0
2025-04-07 00:48:59.616886,19919.9,19931.0
2025-04-07 00:49:00.091308,19919.9,19930.0
2025-04-07 00:49:00.685823,19919.9,19938.0
2025-04-07 00:49:02.970460,19920.9,19938.0
2025-04-07 00:49:04.268340,19926.9,19938.0
2025-04-07 00:49:05.114980,19927.9,19938.0
2025-04-07 00:49:07.041419,19927.9,19937.0
2025-04-07 00:49:09.547010,19927.9,19939.0
2025-04-07 00:49:11.946397,19927.9,19940.0
2025-04-07 00:49:14.347831,19928.9,19939.0
2025-04-07 00:49:16.124437,19928.9,19940.0
2025-04-07 00:49:17.051478,19921.9,19937.0
2025-04-07 00:49:19.320133,19921.9,19935.0
2025-04-07 00:49:19.579034,19911.9,19933.0
2025-04-07 00:49:21.093885,19911.9,19931.0
2025-04-07 00:49:23.312178,19920.9,19930.0
2025-04-07 00:49:23.592273,19921.9,19930.0
2025-04-07 00:49:24.249020,19921.9,19931.0
2025-04-07 00:49:24.556305,19921.9,19937.0
2025-04-07 00:49:25.588605,19932.9,19936.0
2025-04-07 00:49:31.096001,19921.9,19937.0
2025-04-07 00:49:35.703066,19922.9,19936.0
2025-04-07 00:49:40.556773,19922.9,19927.0
2025-04-07 00:49:42.831080,19911.9,19925.0
2025-04-07 00:50:02.982487,19911.9,19931.0
2025-04-07 00:50:07.807154,19912.9,19931.0
2025-04-07 00:50:10.033314,19913.9,19931.0
2025-04-07 00:50:11.585461,19914.9,19931.0
2025-04-07 00:50:12.631581,19915.9,19931.0
2025-04-07 00:50:14.880098,19915.9,19930.0
2025-04-07 00:50:17.543977,19916.9,19929.0
2025-04-07 00:50:19.681607,19917.9,19929.0
2025-04-07 00:50:20.285130,19918.9,19929.0
2025-04-07 00:50:20.938719,19919.9,19929.0
2025-04-07 00:50:22.068789,19920.9,19929.0
2025-04-07 00:50:22.305006,19920.9,19937.0
2025-04-07 00:50:23.084564,19920.9,19933.0
2025-04-07 00:50:36.766531,19910.9,19929.0
2025-04-07 00:50:44.534859,19911.9,19929.0
2025-04-07 00:50:46.536092,19911.9,19928.0
2025-04-07 00:50:49.334526,19912.9,19927.0
2025-04-07 00:50:50.919888,19913.9,19927.0
2025-04-07 00:50:51.586417,19914.9,19937.0
2025-04-07 00:50:54.208597,19914.9,19935.0
2025-04-07 00:50:54.591344,19915.9,19934.0
2025-04-07 00:50:56.189879,19917.9,19934.0
2025-04-07 00:50:56.439841,19918.9,19934.0
2025-04-07 00:50:59.119608,19918.9,19938.0
2025-04-07 00:51:03.800251,19918.9,19937.0
2025-04-07 00:51:07.170755,19918.9,19938.0
2025-04-07 00:51:09.151954,19918.9,19942.0
2025-04-07 00:51:11.338715,19918.9,19940.0
2025-04-07 00:51:16.151425,19918.9,19941.0
2025-04-07 00:51:56.203141,19919.6,19945.3
2025-04-07 00:52:00.569541,19919.1,19944.8
2025-04-07 00:52:04.251651,19918.9,19940.0
2025-04-07 00:52:06.136700,19918.9,19937.0
2025-04-07 00:52:09.667979,19918.9,19935.0
2025-04-07 00:52:11.377097,19918.9,19934.0
2025-04-07 00:52:11.823989,19918.9,19933.0
2025-04-07 00:52:12.533595,19918.9,19932.0
2025-04-07 00:52:13.477003,19918.9,19931.0
2025-04-07 00:52:13.691234,19918.9,19930.0
2025-04-07 00:52:17.220699,19918.9,19931.0
2025-04-07 00:52:17.991392,19918.9,19930.0
2025-04-07 00:52:18.470356,19918.9,19929.0
2025-04-07 00:52:20.870097,19918.9,19939.0
2025-04-07 00:52:26.232198,19918.9,19940.0
2025-04-07 00:52:44.448840,19918.9,19938.0
2025-04-07 00:52:48.681000,19918.9,19933.0
2025-04-07 00:52:53.708639,19921.9,19932.0
2025-04-07 00:52:54.149639,19922.9,19940.0
2025-04-07 00:52:54.501568,19925.9,19940.0
2025-04-07 00:52:55.004840,19927.9,19940.0
2025-04-07 00:52:55.386821,19929.9,19940.0
2025-04-07 00:52:55.718047,19931.9,19940.0
2025-04-07 00:52:56.520156,19932.9,19947.0
2025-04-07 00:52:56.745379,19933.9,19947.0
2025-04-07 00:52:57.596686,19935.9,19958.0
2025-04-07 00:52:57.812014,19939.9,19958.0
2025-04-07 00:52:58.573466,19941.9,19958.0
2025-04-07 00:52:58.766311,19943.9,19958.0
2025-04-07 00:52:59.406051,19945.9,19958.0
2025-04-07 00:52:59.732767,19947.9,19958.0
2025-04-07 00:53:00.047549,19948.9,19962.0
2025-04-07 00:53:00.571712,19949.9,19961.0
2025-04-07 00:53:00.863332,19951.9,19963.0
2025-04-07 00:53:01.121056,19958.9,19966.0
2025-04-07 00:53:01.602950,19956.9,19966.0
2025-04-07 00:53:02.876398,19957.9,19966.0
2025-04-07 00:53:03.350144,19957.9,19967.0
2025-04-07 00:53:03.628667,19961.9,19969.0
2025-04-07 00:53:03.828789,19963.9,19969.0
2025-04-07 00:53:04.594518,19966.9,19976.0
2025-04-07 00:53:04.827137,19971.9,19977.0
2025-04-07 00:53:05.388298,19972.9,19982.0
2025-04-07 00:53:05.626759,19974.9,19981.0
2025-04-07 00:53:07.665636,19973.9,19981.0
2025-04-07 00:53:08.755623,19959.9,19980.0
2025-04-07 00:53:13.880011,19960.9,19979.0
2025-04-07 00:53:26.132554,19960.9,19977.0
2025-04-07 00:53:27.115038,19953.9,19976.0
2025-04-07 00:53:27.801620,19954.9,19976.0
2025-04-07 00:53:43.763848,19955.9,19976.0
2025-04-07 00:53:45.781489,19956.9,19973.0
2025-04-07 00:53:50.690511,19956.9,19968.0
2025-04-07 00:53:52.181293,19956.9,19965.0
2025-04-07 00:53:59.521178,19957.9,19965.0
2025-04-07 00:53:59.712894,19956.9,19965.0
2025-04-07 00:54:00.225423,19957.9,19965.0
2025-04-07 00:54:03.528190,19956.9,19965.0
2025-04-07 00:54:05.011520,19957.9,19965.0
2025-04-07 00:54:05.763307,19956.9,19965.0
2025-04-07 00:54:06.156229,19956.9,19964.0
2025-04-07 00:54:08.516075,19949.9,19961.0
2025-04-07 00:54:09.652425,19949.9,19960.0
2025-04-07 00:54:10.634805,19949.9,19959.0
2025-04-07 00:54:11.520190,19949.9,19958.0
2025-04-07 00:54:12.583843,19949.9,19957.0
2025-04-07 00:54:22.236229,19949.9,19966.0
2025-04-07 00:54:27.953790,19954.9,19966.0
2025-04-07 00:54:28.798144,19955.9,19965.0
2025-04-07 00:54:40.813350,19942.9,19968.0
2025-04-07 00:54:44.380797,19947.9,19967.0
2025-04-07 00:54:45.832497,19948.9,19966.0
2025-04-07 00:54:47.285526,19952.9,19966.0
2025-04-07 00:54:55.341277,19953.9,19964.0
2025-04-07 00:54:56.096970,19953.9,19961.0
2025-04-07 00:54:59.218180,19954.9,19964.0
2025-04-07 00:55:01.168813,19954.9,19963.0
2025-04-07 00:55:04.431768,19953.9,19963.0
2025-04-07 00:55:13.909988,19947.9,19963.0
2025-04-07 00:55:15.201731,19948.9,19964.0
2025-04-07 00:55:16.235793,19948.9,19963.0
2025-04-07 00:55:17.316246,19951.9,19964.0
2025-04-07 00:55:17.475840,19952.9,19968.0
2025-04-07 00:55:18.301167,19952.9,19967.0
2025-04-07 00:55:38.500318,19952.9,19966.0
2025-04-07 00:55:52.199047,19952.9,19965.0
2025-04-07 00:55:52.464263,19952.9,19964.0
2025-04-07 00:56:07.249819,19943.9,19963.0
2025-04-07 00:56:18.833772,19944.9,19965.0
2025-04-07 00:56:22.153026,19945.9,19965.0
2025-04-07 00:56:25.155104,19947.9,19964.0
2025-04-07 00:56:25.365127,19934.9,19945.0
2025-04-07 00:56:26.190982,19934.9,19944.0
2025-04-07 00:56:26.466199,19923.9,19938.0
2025-04-07 00:56:26.730040,19922.9,19936.0
2025-04-07 00:56:27.241306,19911.9,19923.0
2025-04-07 00:56:30.521641,19911.9,19924.0
2025-04-07 00:56:31.280887,19911.9,19934.0
2025-04-07 00:56:32.660251,19917.9,19931.0
2025-04-07 00:56:34.244905,19918.9,19932.0
2025-04-07 00:56:35.991284,19920.6,19946.3
2025-04-07 00:56:42.528277,19921.6,19947.3
2025-04-07 00:56:58.139245,19921.9,19947.0
2025-04-07 00:57:04.872270,19921.9,19946.0
2025-04-07 00:57:07.034993,19922.9,19946.0
2025-04-07 00:57:08.894665,19923.9,19942.0
2025-04-07 00:57:09.191607,19923.9,19940.0
2025-04-07 00:57:13.551578,19923.9,19939.0
2025-04-07 00:57:36.470059,19923.9,19938.0
2025-04-07 00:57:36.663309,19923.9,19942.0
2025-04-07 00:57:38.653138,19925.9,19942.0
2025-04-07 00:57:39.241701,19927.9,19947.0
2025-04-07 00:57:39.680081,19930.9,19946.0
2025-04-07 00:57:40.077857,19933.9,19947.0
2025-04-07 00:57:40.328802,19934.9,19947.0
2025-04-07 00:57:40.817704,19936.9,19946.0
2025-04-07 00:57:41.448385,19938.9,19948.0
2025-04-07 00:57:41.959373,19940.9,19948.0
2025-04-07 00:57:42.351698,19941.9,19954.0
2025-04-07 00:57:42.837538,19944.9,19958.0
2025-04-07 00:57:43.133772,19945.9,19957.0
2025-04-07 00:57:43.569874,19948.9,19957.0
2025-04-07 00:57:44.401883,19949.9,19966.0
2025-04-07 00:57:44.552222,19950.9,19966.0
2025-04-07 00:57:45.301145,19952.9,19966.0
2025-04-07 00:57:45.765072,19954.9,19966.0
2025-04-07 00:57:46.075068,19957.9,19966.0
2025-04-07 00:57:46.567669,19962.9,19966.0
2025-04-07 00:57:53.333576,19944.9,19963.0
2025-04-07 00:58:00.490509,19964.7,19966.2
2025-04-07 00:58:01.820241,19957.9,19978.0
2025-04-07 00:58:07.107483,19957.9,19982.0
2025-04-07 00:58:07.279161,19959.9,19981.0
2025-04-07 00:58:18.879699,19960.9,19977.0
2025-04-07 00:58:29.440927,19960.9,19974.0
2025-04-07 00:58:36.473522,19960.9,19973.0
2025-04-07 00:58:48.489264,19961.9,19973.0
2025-04-07 00:58:50.328205,19962.9,19972.0
2025-04-07 00:58:51.500560,19962.2,19963.7
2025-04-07 00:58:59.624923,19962.9,19977.0
2025-04-07 00:59:02.234502,19962.9,19980.0
2025-04-07 00:59:03.649000,19968.9,19980.0
2025-04-07 00:59:12.542713,19969.9,19977.0
2025-04-07 00:59:13.411236,19969.9,19978.0
2025-04-07 00:59:23.815305,19976.9,19980.0
2025-04-07 00:59:28.269212,19972.9,19982.0
2025-04-07 00:59:38.844620,19973.9,19985.0
2025-04-07 00:59:43.549924,19975.9,19985.0
2025-04-07 00:59:56.972618,19976.9,20000.0
2025-04-07 00:59:58.446807,19990.9,19999.0
2025-04-07 00:59:59.352176,19991.9,19999.0
2025-04-07 01:00:01.219697,19990.9,19998.0
2025-04-07 01:00:15.076654,19976.9,19996.0
2025-04-07 01:00:16.570039,19976.9,19995.0
2025-04-07 01:00:25.890315,19992.9,19995.0
2025-04-07 01:00:26.607838,19993.9,20016.0
2025-04-07 01:00:27.141211,19993.9,20015.0
2025-04-07 01:00:56.690227,19993.9,20016.0
2025-04-07 01:00:58.774211,20000.9,20016.0
2025-04-07 01:01:06.249583,20001.9,20015.0
2025-04-07 01:01:06.715217,20007.9,20015.0
2025-04-07 01:01:11.534269,20008.9,20019.0
2025-04-07 01:01:12.229246,20009.9,20019.0
2025-04-07 01:01:13.020558,20008.9,20019.0
2025-04-07 01:01:14.040320,20008.7,20010.2
2025-04-07 01:01:14.324154,19999.9,20017.0
2025-04-07 01:01:17.025491,20001.9,20015.0
2025-04-07 01:01:20.479533,19995.9,20015.0
2025-04-07 01:01:36.394470,19996.9,20020.0
2025-04-07 01:01:39.832970,19996.9,20019.0
2025-04-07 01:01:41.465063,19996.9,20017.0
2025-04-07 01:01:44.034044,19996.9,20015.0
2025-04-07 01:01:44.499750,19996.9,20020.0
2025-04-07 01:01:45.008785,19996.9,20019.0
2025-04-07 01:01:47.036678,19996.9,20013.0
2025-04-07 01:01:48.778896,19996.9,20017.0
2025-04-07 01:01:49.960672,19996.9,20013.0
2025-04-07 01:01:50.761935,19996.9,20012.0
2025-04-07 01:01:54.656247,19996.9,20008.0
2025-04-07 01:01:55.250629,19996.9,20013.0
2025-04-07 01:01:58.155311,19996.9,20012.0
2025-04-07 01:02:01.074698,19996.9,20008.0
2025-04-07 01:02:01.560784,19996.9,20007.0
2025-04-07 01:02:02.505241,19996.9,20005.0
2025-04-07 01:02:03.553935,19996.9,20001.0
2025-04-07 01:02:05.034171,19996.9,20014.0
2025-04-07 01:02:07.115350,19996.9,20012.0
2025-04-07 01:02:11.517704,19996.9,20008.0
2025-04-07 01:02:13.020399,19996.9,20007.0
2025-04-07 01:02:13.491843,19996.9,20006.0
2025-04-07 01:02:14.292669,19996.9,20005.0
2025-04-07 01:02:15.620128,19996.9,20004.0
2025-04-07 01:02:16.526909,19996.9,20010.0
2025-04-07 01:02:18.850872,19996.9,20014.0
2025-04-07 01:02:20.688874,19996.9,20012.0
2025-04-07 01:02:21.132728,19996.9,20014.0
2025-04-07 01:02:22.591246,20002.9,20014.0
2025-04-07 01:02:24.534119,20003.9,20016.0
2025-04-07 01:02:26.021231,20003.9,20015.0
2025-04-07 01:02:27.045744,20003.9,20018.0
2025-04-07 01:02:27.539625,20003.9,20017.0
2025-04-07 01:02:31.719911,20003.9,20016.0
2025-04-07 01:02:35.333606,20003.9,20015.0
2025-04-07 01:02:36.711891,20006.9,20016.0
2025-04-07 01:02:37.209745,20008.9,20016.0
2025-04-07 01:02:37.790602,20010.9,20020.0
2025-04-07 01:02:38.306866,20012.9,20020.0
2025-04-07 01:02:38.891096,20013.9,20017.0
2025-04-07 01:02:39.188804,20017.9,20029.0
2025-04-07 01:02:39.939659,20018.9,20029.0
2025-04-07 01:02:40.207816,20020.9,20029.0
2025-04-07 01:02:40.675804,20021.9,20029.0
2025-04-07 01:02:42.410956,20023.9,20029.0
2025-04-07 01:02:43.344812,20023.9,20028.0
2025-04-07 01:02:43.782453,20024.9,20030.0
2025-04-07 01:02:46.122232,20014.9,20026.0
2025-04-07 01:02:47.324844,20014.9,20025.0
2025-04-07 01:02:50.841691,20015.9,20025.0
2025-04-07 01:02:51.232823,20015.9,20024.0
2025-04-07 01:02:52.457110,20013.9,20023.0
2025-04-07 01:02:53.592999,20003.9,20013.0
2025-04-07 01:02:54.855490,19993.9,20012.0
2025-04-07 01:02:56.778400,19993.9,20011.0
2025-04-07 01:02:57.139640,19993.9,20010.0
2025-04-07 01:02:57.888448,19993.9,20007.0
2025-04-07 01:02:59.825557,19993.9,20005.0
2025-04-07 01:03:01.578890,19993.9,20008.0
2025-04-07 01:03:01.780588,19993.9,20011.0
2025-04-07 01:03:02.312442,19993.9,20004.0
2025-04-07 01:03:03.362984,19993.9,20003.0
2025-04-07 01:03:04.057464,19993.9,20002.0
2025-04-07 01:03:06.075264,19993.9,20000.0
2025-04-07 01:03:06.712509,19989.9,19999.0
2025-04-07 01:03:08.310328,19989.9,19997.0
2025-04-07 01:03:08.555742,19989.9,19996.0
2025-04-07 01:03:09.570828,19989.9,20001.0
2025-04-07 01:03:10.208884,19989.9,19999.0
2025-04-07 01:03:11.585719,19989.9,19998.0
2025-04-07 01:03:24.454162,19989.9,20003.0
2025-04-07 01:03:24.762877,19989.9,20001.0
2025-04-07 01:03:31.912646,19989.9,19996.0
2025-04-07 01:03:39.371355,19989.9,20011.0
2025-04-07 01:03:42.808731,20000.9,20010.0
2025-04-07 01:03:43.152184,19989.9,20010.0
2025-04-07 01:03:45.191250,19989.9,19996.0
2025-04-07 01:03:46.223143,19989.9,20005.0
2025-04-07 01:03:48.342222,19989.9,20003.0
2025-04-07 01:03:48.850986,19989.9,20000.0
2025-04-07 01:03:52.405544,19989.9,20005.0
2025-04-07 01:03:55.746450,19989.9,20003.0
2025-04-07 01:03:56.024249,19989.9,20001.0
2025-04-07 01:03:56.853056,19987.9,19998.0
2025-04-07 01:03:57.159706,19981.9,19994.0
2025-04-07 01:03:58.705471,19981.9,19989.0
2025-04-07 01:03:59.208633,19980.9,19988.0
2025-04-07 01:03:59.593158,19980.9,19989.0
2025-04-07 01:03:59.913272,19980.9,19988.0
2025-04-07 01:04:00.158980,19980.9,19989.0
2025-04-07 01:04:08.068743,19980.9,20002.0
2025-04-07 01:04:10.876455,19980.9,20001.0
2025-04-07 01:04:12.824313,19980.9,20000.0
2025-04-07 01:04:13.588986,19980.9,19998.0
2025-04-07 01:04:15.824050,19980.9,19997.0
2025-04-07 01:04:16.575365,19980.9,20001.0
2025-04-07 01:04:17.144447,19980.9,19987.0
2025-04-07 01:04:18.517541,19980.9,19997.0
2025-04-07 01:04:22.913252,19980.9,19993.0
2025-04-07 01:04:23.601259,19980.9,19988.0
2025-04-07 01:04:27.341318,19980.9,19996.0
2025-04-07 01:04:30.958409,19982.9,20008.0
2025-04-07 01:04:33.328209,19991.9,20008.0
2025-04-07 01:04:34.344821,19992.9,20007.0
2025-04-07 01:04:38.132921,19992.9,20005.0
2025-04-07 01:04:38.942563,19992.9,20001.0
2025-04-07 01:04:40.844419,19992.9,19999.0
2025-04-07 01:04:42.389749,19982.6,20008.3
2025-04-07 01:04:46.874035,19982.1,20007.8
2025-04-07 01:05:00.390044,19995.9,20008.0
2025-04-07 01:05:01.522523,19997.9,20008.0
2025-04-07 01:05:01.942599,19998.9,20008.0
2025-04-07 01:05:02.351805,19995.9,20008.0
2025-04-07 01:05:04.028428,19982.1,20007.8
2025-04-07 01:05:16.993443,20008.7,20010.2
2025-04-07 01:05:23.717890,19989.9,20004.0
2025-04-07 01:05:26.836957,19989.9,20001.0
2025-04-07 01:05:33.913634,19981.9,19999.0
2025-04-07 01:05:35.143309,19981.9,19998.0
2025-04-07 01:05:43.471893,19981.9,20003.0
2025-04-07 01:05:51.329802,19981.9,20004.0
2025-04-07 01:06:01.339781,19982.9,20008.0
2025-04-07 01:06:07.500627,19984.9,20008.0
2025-04-07 01:06:13.426025,19988.9,20007.0
2025-04-07 01:06:14.285430,19989.9,20008.0
2025-04-07 01:06:29.302622,19989.9,20009.0
2025-04-07 01:06:35.073099,19989.9,20013.0
2025-04-07 01:06:36.316796,19989.9,20014.0
2025-04-07 01:06:37.552940,20000.9,20019.0
2025-04-07 01:06:38.531493,20003.9,20022.0
2025-04-07 01:06:38.770619,20005.9,20024.0
2025-04-07 01:06:39.207598,20007.9,20023.0
2025-04-07 01:06:39.714001,20009.9,20024.0
2025-04-07 01:06:40.496959,20011.9,20025.0
2025-04-07 01:06:40.586087,20013.9,20025.0
2025-04-07 01:06:41.493718,20018.9,20029.0
2025-04-07 01:06:42.124319,20020.9,20029.0
2025-04-07 01:06:42.637196,20021.9,20029.0
2025-04-07 01:06:45.920492,20024.9,20029.0
2025-04-07 01:06:49.608680,20018.9,20028.0
2025-04-07 01:06:51.617544,20013.9,20027.0
2025-04-07 01:06:53.019480,20014.9,20027.0
2025-04-07 01:06:56.886542,20014.9,20026.0
2025-04-07 01:07:01.602520,20014.9,20033.0
2025-04-07 01:07:12.939506,20015.9,20033.0
2025-04-07 01:07:14.356060,20015.9,20031.0
2025-04-07 01:07:18.605335,20004.9,20026.0
2025-04-07 01:07:20.081600,20005.9,20031.0
2025-04-07 01:07:33.033701,20005.9,20029.0
2025-04-07 01:07:33.394187,20005.9,20028.0
2025-04-07 01:07:36.146127,20008.1,20033.8
2025-04-07 01:07:55.535204,20015.9,20036.0
2025-04-07 01:07:59.867196,20023.9,20036.0
2025-04-07 01:08:03.107835,20024.9,20041.0
2025-04-07 01:08:08.549542,20024.9,20046.0
2025-04-07 01:08:20.747033,20024.9,20047.0
2025-04-07 01:08:21.476686,20024.9,20046.0
2025-04-07 01:08:22.285503,20030.9,20049.0
2025-04-07 01:08:26.500065,20030.9,20048.0
2025-04-07 01:08:28.830737,20030.9,20047.0
2025-04-07 01:08:31.213954,20030.9,20046.0
2025-04-07 01:08:31.898786,20030.9,20043.0
2025-04-07 01:08:33.117633,20030.9,20048.0
2025-04-07 01:08:34.081652,20030.9,20046.0
2025-04-07 01:08:34.854340,20030.9,20039.0
2025-04-07 01:08:35.114563,20030.9,20037.0
2025-04-07 01:08:35.617441,20030.9,20035.0
2025-04-07 01:08:38.595866,20030.9,20046.0
2025-04-07 01:08:41.225951,20030.9,20047.0
2025-04-07 01:08:45.526416,20030.9,20045.0
2025-04-07 01:08:46.469257,20030.9,20043.0
2025-04-07 01:08:46.922937,20030.9,20042.0
2025-04-07 01:08:49.035479,20030.9,20049.0
2025-04-07 01:08:52.517862,20034.9,20049.0
2025-04-07 01:08:55.821814,20035.9,20048.0
2025-04-07 01:08:57.317655,20035.9,20047.0
2025-04-07 01:08:59.632754,20035.9,20048.0
2025-04-07 01:09:01.312247,20035.9,20049.0
2025-04-07 01:09:03.638631,20035.9,20048.0
2025-04-07 01:09:06.363238,20035.9,20049.0
2025-04-07 01:09:06.617896,20035.9,20048.0
2025-04-07 01:09:09.134549,20035.9,20047.0
2025-04-07 01:09:09.853595,20035.9,20048.0
2025-04-07 01:09:13.288209,20037.9,20049.0
2025-04-07 01:09:18.792526,20038.9,20049.0
2025-04-07 01:09:19.064689,20040.9,20049.0
2025-04-07 01:09:23.182557,20041.9,20057.0
2025-04-07 01:09:23.755435,20044.9,20059.0
2025-04-07 01:09:24.203951,20046.9,20058.0
2025-04-07 01:09:24.704764,20048.9,20058.0
2025-04-07 01:09:25.078916,20050.9,20059.0
2025-04-07 01:09:25.830269,20051.9,20058.0
2025-04-07 01:09:26.278005,20055.9,20059.0
2025-04-07 01:09:27.652710,20048.9,20058.0
2025-04-07 01:09:28.018273,20049.9,20058.0
2025-04-07 01:09:31.151139,20049.9,20059.0
2025-04-07 01:09:37.567743,20050.9,20059.0
2025-04-07 01:09:42.289356,20056.9,20064.0
2025-04-07 01:09:44.550034,20057.9,20078.0
2025-04-07 01:09:47.299941,20069.9,20081.0
2025-04-07 01:09:51.517349,20070.9,20079.0
2025-04-07 01:09:54.074081,20057.9,20077.0
2025-04-07 01:09:59.433870,20058.9,20077.0
2025-04-07 01:10:01.515287,20065.9,20077.0
2025-04-07 01:10:04.488305,20065.9,20076.0
2025-04-07 01:10:06.763501,20052.9,20073.0
2025-04-07 01:10:07.264362,20052.9,20071.0
2025-04-07 01:10:07.672401,20053.9,20070.0
2025-04-07 01:10:09.370575,20054.9,20070.0
2025-04-07 01:10:11.566923,20055.9,20070.0
2025-04-07 01:10:12.242704,20056.9,20070.0
2025-04-07 01:10:17.207219,20057.9,20070.0
2025-04-07 01:10:19.694416,20058.9,20070.0
2025-04-07 01:10:21.605228,20051.9,20073.0
2025-04-07 01:10:31.383596,20054.6,20080.3
2025-04-07 01:10:36.729217,20053.6,20079.3
2025-04-07 01:10:41.234953,20053.1,20078.8
2025-04-07 01:10:42.176497,20052.9,20078.0
2025-04-07 01:10:46.126990,20057.9,20078.0
2025-04-07 01:10:50.726907,20058.9,20082.0
2025-04-07 01:10:51.127709,20058.9,20081.0
2025-04-07 01:11:00.182439,20058.9,20080.0
2025-04-07 01:11:04.388754,20061.9,20080.0
2025-04-07 01:11:07.105116,20066.9,20087.0
2025-04-07 01:11:13.264118,20069.9,20087.0
2025-04-07 01:11:15.492388,20070.9,20086.0
2025-04-07 01:11:18.209040,20070.9,20087.0
2025-04-07 01:11:19.458981,20070.9,20086.0
2025-04-07 01:11:28.502516,20070.9,20085.0
2025-04-07 01:11:32.111377,20070.9,20084.0
2025-04-07 01:11:32.745854,20074.9,20084.0
2025-04-07 01:11:34.455040,20075.9,20091.0
2025-04-07 01:11:35.395269,20075.9,20097.0
2025-04-07 01:11:37.094886,20080.9,20097.0
2025-04-07 01:11:40.391219,20081.9,20104.0
2025-04-07 01:11:40.596601,20082.9,20104.0
2025-04-07 01:11:40.992947,20085.9,20104.0
2025-04-07 01:11:41.204783,20087.9,20106.0
2025-04-07 01:11:42.182047,20089.9,20106.0
2025-04-07 01:11:42.812141,20097.9,20111.0
2025-04-07 01:11:43.097034,20100.9,20111.0
2025-04-07 01:11:43.636047,20102.9,20111.0
2025-04-07 01:11:44.374825,20102.9,20114.0
2025-04-07 01:11:46.215680,20102.9,20113.0
2025-04-07 01:11:47.444750,20102.9,20112.0
2025-04-07 01:11:48.703947,20102.9,20111.0
2025-04-07 01:11:58.558651,20091.9,20108.0
2025-04-07 01:12:21.254644,20106.7,20108.2
2025-04-07 01:12:25.699238,20086.9,20105.0
2025-04-07 01:12:30.419776,20086.9,20104.0
2025-04-07 01:12:32.612390,20086.9,20109.0
2025-04-07 01:12:41.012779,20086.9,20107.0
2025-04-07 01:12:41.269265,20086.9,20108.0
2025-04-07 01:12:46.720632,20086.9,20107.0
2025-04-07 01:12:52.447983,20096.9,20107.0
2025-04-07 01:12:55.075655,20097.9,20114.0
2025-04-07 01:12:55.758995,20101.9,20124.0
2025-04-07 01:12:59.879275,20101.9,20122.0
2025-04-07 01:13:00.424404,20101.9,20120.0
2025-04-07 01:13:00.821734,20101.9,20118.0
2025-04-07 01:13:03.254282,20101.9,20116.0
2025-04-07 01:13:06.688534,20101.9,20106.0
2025-04-07 01:13:08.748910,20100.9,20106.0
2025-04-07 01:13:10.046787,20101.9,20112.0
2025-04-07 01:13:11.209806,20100.9,20112.0
2025-04-07 01:13:11.479735,20101.9,20111.0
2025-04-07 01:13:12.581935,20100.9,20111.0
2025-04-07 01:13:15.267991,20101.9,20111.0
2025-04-07 01:13:16.019184,20101.9,20112.0
2025-04-07 01:13:16.794535,20101.9,20121.0
2025-04-07 01:13:17.411783,20101.9,20119.0
2025-04-07 01:13:25.186130,20101.9,20121.0
2025-04-07 01:13:25.842918,20101.9,20120.0
2025-04-07 01:13:41.850476,20102.9,20120.0
2025-04-07 01:13:42.001061,20104.9,20120.0
2025-04-07 01:13:42.715724,20122.9,20128.0
2025-04-07 01:13:42.916194,20121.9,20128.0
2025-04-07 01:13:43.381430,20123.9,20128.0
2025-04-07 01:13:43.561025,20123.9,20131.0
2025-04-07 01:13:45.965586,20124.1,20149.8
2025-04-07 01:13:46.865803,20130.9,20148.0
2025-04-07 01:13:48.730742,20133.9,20148.0
2025-04-07 01:13:49.768261,20136.9,20148.0
2025-04-07 01:13:49.921642,20138.9,20148.0
2025-04-07 01:13:50.073888,20139.9,20148.0
2025-04-07 01:13:50.616767,20140.9,20148.0
2025-04-07 01:13:51.544212,20133.9,20148.0
2025-04-07 01:13:51.994591,20134.9,20151.0
2025-04-07 01:13:52.264761,20134.9,20148.0
2025-04-07 01:14:01.345678,20139.9,20148.0
2025-04-07 01:14:22.859948,20140.9,20154.0
2025-04-07 01:14:23.676394,20140.9,20160.0
2025-04-07 01:14:25.793909,20140.9,20164.0
2025-04-07 01:14:30.168257,20149.9,20173.0
2025-04-07 01:14:40.125621,20149.9,20171.0
2025-04-07 01:14:41.441243,20149.9,20169.0
2025-04-07 01:14:43.298353,20147.9,20168.0
2025-04-07 01:14:43.781068,20146.9,20167.0
2025-04-07 01:14:44.513518,20147.9,20166.0
2025-04-07 01:14:59.477740,20147.9,20165.0
2025-04-07 01:15:01.095909,20147.9,20164.0
2025-04-07 01:15:04.479337,20148.9,20163.0
2025-04-07 01:15:08.254646,20146.9,20163.0
2025-04-07 01:15:09.359287,20147.9,20163.0
2025-04-07 01:15:19.641517,20139.9,20163.0
2025-04-07 01:15:44.523980,20139.9,20161.0
2025-04-07 01:15:44.790682,20139.9,20158.0
2025-04-07 01:15:45.358131,20128.9,20152.0
2025-04-07 01:15:45.803723,20128.9,20148.0
2025-04-07 01:15:46.274130,20129.9,20146.0
2025-04-07 01:15:46.724022,20129.9,20144.0
2025-04-07 01:15:47.044751,20129.9,20142.0
2025-04-07 01:15:47.759911,20117.9,20137.0
2025-04-07 01:15:48.146838,20117.9,20134.0
2025-04-07 01:15:48.458441,20117.9,20132.0
2025-04-07 01:15:48.952131,20117.9,20129.0
2025-04-07 01:15:49.187642,20117.9,20127.0
2025-04-07 01:15:49.951983,20117.9,20125.0
2025-04-07 01:15:51.886691,20117.9,20133.0
2025-04-07 01:15:52.124677,20117.9,20143.0
2025-04-07 01:15:52.494018,20117.9,20142.0
2025-04-07 01:15:55.640691,20117.9,20141.0
2025-04-07 01:15:58.553367,20124.9,20140.0
2025-04-07 01:16:03.080445,20125.7,20127.2
2025-04-07 01:16:03.796499,20125.9,20138.0
2025-04-07 01:16:05.100645,20125.9,20137.0
2025-04-07 01:16:06.255548,20125.9,20136.0
2025-04-07 01:16:08.795819,20125.9,20135.0
2025-04-07 01:16:12.048991,20125.9,20134.0
2025-04-07 01:16:13.464874,20125.9,20136.0
2025-04-07 01:16:14.722084,20125.9,20139.0
2025-04-07 01:16:15.193893,20125.9,20138.0
2025-04-07 01:16:17.148336,20124.9,20137.0
2025-04-07 01:16:20.081359,20125.9,20137.0
2025-04-07 01:16:25.596367,20125.9,20136.0
2025-04-07 01:16:28.695379,20125.9,20141.0
2025-04-07 01:16:29.238125,20125.9,20140.0
2025-04-07 01:16:32.967502,20125.9,20139.0
2025-04-07 01:16:35.022925,20128.9,20139.0
2025-04-07 01:16:40.456841,20127.7,20129.2
2025-04-07 01:16:42.095200,20119.9,20126.0
2025-04-07 01:16:43.113851,20125.9,20128.0
2025-04-07 01:16:43.729903,20126.7,20128.2
2025-04-07 01:16:43.957716,20127.2,20128.7
2025-04-07 01:16:44.639199,20126.7,20128.2
2025-04-07 01:16:47.744355,20120.9,20127.0
2025-04-07 01:16:52.294687,20110.9,20126.0
2025-04-07 01:16:53.576611,20111.9,20124.0
2025-04-07 01:16:54.275969,20110.9,20123.0
2025-04-07 01:16:55.533784,20111.9,20123.0
2025-04-07 01:16:56.007072,20110.9,20123.0
2025-04-07 01:16:56.556722,20111.9,20123.0
2025-04-07 01:17:05.265817,20111.9,20128.0
2025-04-07 01:17:16.165622,20111.9,20132.0
2025-04-07 01:17:19.253550,20111.9,20130.0
2025-04-07 01:17:22.310745,20111.9,20129.0
2025-04-07 01:17:30.650806,20111.9,20128.0
2025-04-07 01:17:32.190866,20112.9,20127.0
2025-04-07 01:17:38.020173,20113.9,20127.0
2025-04-07 01:17:41.073445,20113.9,20134.0
2025-04-07 01:17:50.692497,20121.9,20133.0
2025-04-07 01:17:55.823458,20122.9,20133.0
2025-04-07 01:17:56.198843,20123.9,20138.0
2025-04-07 01:17:56.965426,20124.9,20138.0
2025-04-07 01:17:57.412587,20125.9,20138.0
2025-04-07 01:17:58.022677,20126.9,20141.0
2025-04-07 01:18:01.896474,20126.9,20146.0
2025-04-07 01:18:02.887348,20129.9,20146.0
2025-04-07 01:18:05.753124,20130.9,20147.0
2025-04-07 01:18:06.418225,20130.9,20146.0
2025-04-07 01:18:07.333749,20130.9,20147.0
2025-04-07 01:18:08.438931,20130.9,20146.0
2025-04-07 01:18:08.690213,20130.9,20154.0
2025-04-07 01:18:10.240744,20130.9,20152.0
2025-04-07 01:18:30.044979,20130.9,20150.0
2025-04-07 01:18:30.960492,20132.9,20150.0
2025-04-07 01:18:46.243788,20133.9,20150.0
2025-04-07 01:18:47.608093,20134.9,20150.0
2025-04-07 01:18:47.977477,20137.9,20154.0
2025-04-07 01:18:48.467684,20139.9,20154.0
2025-04-07 01:18:48.578717,20141.9,20154.0
2025-04-07 01:18:48.926487,20143.9,20154.0
2025-04-07 01:18:49.274364,20145.9,20154.0
2025-04-07 01:18:49.683005,20146.9,20161.0
2025-04-07 01:18:50.177200,20149.9,20164.0
2025-04-07 01:18:50.717984,20151.9,20164.0
2025-04-07 01:18:50.959908,20153.9,20164.0
2025-04-07 01:18:52.380024,20152.9,20164.0
2025-04-07 01:18:55.885227,20140.9,20163.0
2025-04-07 01:18:57.608678,20142.9,20161.0
2025-04-07 01:18:59.646429,20143.9,20161.0
2025-04-07 01:19:01.388566,20143.9,20160.0
2025-04-07 01:19:01.861845,20144.9,20159.0
2025-04-07 01:19:02.902559,20145.9,20159.0
2025-04-07 01:19:03.714574,20146.9,20159.0
2025-04-07 01:19:05.157480,20147.9,20159.0
2025-04-07 01:19:08.752627,20147.9,20163.0
2025-04-07 01:19:09.929199,20147.9,20161.0
2025-04-07 01:19:12.909612,20147.9,20160.0
2025-04-07 01:19:20.288042,20148.9,20160.0
2025-04-07 01:19:34.315436,20149.9,20167.0
2025-04-07 01:19:34.966841,20149.9,20165.0
2025-04-07 01:19:40.255514,20153.9,20164.0
2025-04-07 01:19:44.624542,20153.9,20163.0
2025-04-07 01:19:48.722317,20153.9,20166.0
2025-04-07 01:19:50.121599,20158.9,20169.0
2025-04-07 01:19:52.317668,20159.9,20168.0
2025-04-07 01:19:52.794315,20160.9,20168.0
2025-04-07 01:19:53.653861,20161.9,20168.0
2025-04-07 01:19:54.202675,20162.9,20177.0
2025-04-07 01:19:54.652790,20164.9,20183.0
2025-04-07 01:19:55.139651,20172.9,20183.0
2025-04-07 01:19:55.489388,20174.9,20190.0
2025-04-07 01:19:55.957103,20176.9,20190.0
2025-04-07 01:19:56.575761,20179.9,20195.0
2025-04-07 01:19:57.168997,20180.9,20194.0
2025-04-07 01:19:57.384040,20182.9,20198.0
2025-04-07 01:19:57.954662,20184.9,20198.0
2025-04-07 01:19:58.485911,20186.9,20198.0
2025-04-07 01:19:58.951097,20188.9,20198.0
2025-04-07 01:20:00.105685,20187.9,20198.0
2025-04-07 01:20:01.558021,20175.9,20198.0
2025-04-07 01:20:02.536944,20191.9,20198.0
2025-04-07 01:20:03.013136,20176.9,20197.0
2025-04-07 01:20:03.809630,20177.9,20193.0
2025-04-07 01:20:05.189619,20177.9,20192.0
2025-04-07 01:20:06.379190,20178.9,20191.0
2025-04-07 01:20:09.359766,20178.9,20192.0
2025-04-07 01:20:09.942024,20178.9,20191.0
2025-04-07 01:20:11.211727,20178.9,20192.0
2025-04-07 01:20:11.674037,20178.9,20191.0
2025-04-07 01:20:13.113087,20178.9,20192.0
2025-04-07 01:20:15.707355,20178.9,20191.0
2025-04-07 01:20:18.115382,20178.9,20192.0
2025-04-07 01:20:20.950373,20181.9,20197.0
2025-04-07 01:20:21.763724,20181.9,20196.0
2025-04-07 01:20:22.486770,20181.9,20197.0
2025-04-07 01:20:25.762587,20183.6,20209.3
2025-04-07 01:20:27.494968,20182.6,20208.3
2025-04-07 01:20:29.370138,20187.9,20208.0
2025-04-07 01:20:35.185395,20189.9,20208.0
2025-04-07 01:20:40.588573,20190.9,20207.0
2025-04-07 01:20:47.384352,20190.9,20205.0
2025-04-07 01:20:55.569463,20190.9,20216.0
2025-04-07 01:20:56.578420,20198.9,20213.0
2025-04-07 01:20:57.724925,20188.9,20197.0
2025-04-07 01:21:00.056605,20191.9,20197.0
2025-04-07 01:21:00.999703,20192.9,20212.0
2025-04-07 01:21:02.058688,20192.9,20210.0
2025-04-07 01:21:04.891242,20192.9,20208.0
2025-04-07 01:21:07.573112,20188.9,20205.0
2025-04-07 01:21:10.896951,20184.9,20207.0
2025-04-07 01:21:13.710745,20184.9,20206.0
2025-04-07 01:21:14.387099,20184.9,20207.0
2025-04-07 01:21:15.893166,20184.9,20210.0
2025-04-07 01:21:19.339709,20184.9,20208.0
2025-04-07 01:21:21.975731,20184.9,20210.0
2025-04-07 01:21:22.236486,20184.9,20209.0
2025-04-07 01:21:23.454225,20184.9,20210.0
2025-04-07 01:21:30.710308,20184.9,20209.0
2025-04-07 01:21:31.690062,20188.9,20209.0
2025-04-07 01:21:32.266881,20191.1,20216.8
2025-04-07 01:21:33.908606,20190.1,20215.8
2025-04-07 01:21:35.810979,20189.1,20214.8
2025-04-07 01:21:39.053735,20189.6,20215.3
2025-04-07 01:21:46.321250,20192.9,20216.0
2025-04-07 01:21:46.739913,20197.9,20217.0
2025-04-07 01:21:48.005131,20202.9,20217.0
2025-04-07 01:21:49.978708,20207.9,20217.0
2025-04-07 01:21:54.274126,20208.9,20233.0
2025-04-07 01:21:59.221132,20222.9,20233.0
2025-04-07 01:22:00.632483,20223.9,20240.0
2025-04-07 01:22:02.075587,20223.9,20239.0
2025-04-07 01:22:02.399697,20223.9,20238.0
2025-04-07 01:22:03.268274,20222.9,20237.0
2025-04-07 01:22:04.131820,20228.9,20237.0
2025-04-07 01:22:04.858342,20226.9,20237.0
2025-04-07 01:22:07.633343,20223.9,20237.0
2025-04-07 01:22:10.907490,20224.9,20237.0
2025-04-07 01:22:11.824214,20218.9,20237.0
2025-04-07 01:22:15.339087,20214.9,20232.0
2025-04-07 01:22:20.752705,20215.9,20239.0
2025-04-07 01:22:22.849018,20215.9,20238.0
2025-04-07 01:22:23.295315,20215.9,20237.0
2025-04-07 01:22:24.050168,20215.9,20236.0
2025-04-07 01:22:24.315453,20215.9,20235.0
2025-04-07 01:22:28.389832,20217.6,20243.3
2025-04-07 01:22:33.112645,20218.1,20243.8
2025-04-07 01:22:38.167483,20217.9,20243.0
2025-04-07 01:22:39.550046,20217.9,20241.0
2025-04-07 01:22:42.435377,20218.1,20243.8
2025-04-07 01:22:59.639985,20224.6,20250.3
2025-04-07 01:23:07.633906,20222.1,20247.8
2025-04-07 01:23:08.196174,20222.6,20248.3
2025-04-07 01:23:08.844227,20223.6,20249.3
2025-04-07 01:23:10.556805,20230.9,20250.0
2025-04-07 01:23:11.171011,20239.1,20264.8
2025-04-07 01:23:12.616458,20241.1,20266.8
2025-04-07 01:23:13.193754,20246.6,20272.3
2025-04-07 01:23:13.897041,20250.9,20273.0
2025-04-07 01:23:15.151119,20252.1,20277.8
2025-04-07 01:23:16.730827,20258.9,20280.0
2025-04-07 01:23:24.051098,20262.1,20287.8
2025-04-07 01:23:26.248624,20268.9,20289.0
2025-04-07 01:23:27.603101,20270.9,20277.0
2025-04-07 01:23:27.903788,20276.7,20278.2
2025-04-07 01:23:30.217400,20262.6,20288.3
2025-04-07 01:23:31.567335,20261.9,20283.0
2025-04-07 01:23:34.046744,20261.9,20281.0
2025-04-07 01:23:39.237356,20262.9,20280.0
2025-04-07 01:23:49.330878,20262.9,20271.0
2025-04-07 01:23:50.946208,20262.9,20272.0
2025-04-07 01:23:54.107335,20262.9,20277.0
2025-04-07 01:23:55.474485,20251.9,20274.0
2025-04-07 01:23:55.903197,20251.9,20275.0
2025-04-07 01:24:05.724534,20252.1,20277.8
2025-04-07 01:24:06.904047,20251.9,20273.0
2025-04-07 01:24:08.184018,20251.9,20272.0
2025-04-07 01:24:08.888268,20251.9,20273.0
2025-04-07 01:24:12.117635,20252.1,20277.8
2025-04-07 01:24:13.277551,20254.1,20279.8
2025-04-07 01:24:17.339193,20251.9,20276.0
2025-04-07 01:24:17.972120,20254.1,20279.8
2025-04-07 01:24:19.431158,20253.1,20278.8
2025-04-07 01:24:20.732770,20252.9,20277.0
2025-04-07 01:24:23.041019,20253.9,20275.0
2025-04-07 01:24:26.163292,20253.9,20276.0
2025-04-07 01:24:28.899832,20253.9,20275.0
2025-04-07 01:24:33.107155,20253.9,20273.0
2025-04-07 01:24:35.822243,20253.9,20270.0
2025-04-07 01:24:40.001183,20265.6,20291.3
2025-04-07 01:24:42.954326,20264.1,20289.8
2025-04-07 01:24:44.589716,20262.9,20288.0
2025-04-07 01:24:46.519703,20262.9,20286.0
2025-04-07 01:24:48.438726,20262.9,20284.0
2025-04-07 01:24:49.006349,20262.9,20282.0
2025-04-07 01:24:52.311034,20262.9,20280.0
2025-04-07 01:24:58.072418,20262.9,20279.0
2025-04-07 01:24:59.232315,20262.9,20278.0
2025-04-07 01:25:02.015779,20262.9,20276.0
2025-04-07 01:25:03.258726,20263.9,20273.0
2025-04-07 01:25:03.852994,20263.9,20272.0
2025-04-07 01:25:04.310265,20262.9,20271.0
2025-04-07 01:25:06.700394,20252.9,20269.0
2025-04-07 01:25:08.545204,20253.9,20269.0
2025-04-07 01:25:10.736069,20253.9,20268.0
2025-04-07 01:25:11.703932,20253.9,20269.0
2025-04-07 01:25:14.898372,20253.9,20268.0
2025-04-07 01:25:16.431798,20253.9,20267.0
2025-04-07 01:25:19.602431,20254.9,20267.0
2025-04-07 01:25:20.018701,20255.9,20275.0
2025-04-07 01:25:21.289354,20255.1,20280.8
2025-04-07 01:25:22.490780,20239.1,20264.8
2025-04-07 01:25:22.731305,20238.9,20263.0
2025-04-07 01:25:23.710566,20240.1,20265.8
2025-04-07 01:25:25.873224,20239.1,20264.8
2025-04-07 01:25:26.569263,20241.9,20264.0
2025-04-07 01:25:27.148699,20261.9,20264.0
2025-04-07 01:25:29.419395,20242.9,20263.0
2025-04-07 01:25:30.911372,20242.9,20262.0
2025-04-07 01:25:33.205275,20242.9,20260.0
2025-04-07 01:25:36.304668,20242.9,20262.0
2025-04-07 01:25:40.781994,20243.9,20262.0
2025-04-07 01:25:41.074945,20244.9,20261.0
2025-04-07 01:25:41.760260,20246.1,20271.8
2025-04-07 01:25:45.802169,20255.9,20273.0
2025-04-07 01:25:48.840514,20256.9,20279.0
2025-04-07 01:25:49.529898,20256.9,20278.0
2025-04-07 01:25:51.299632,20259.9,20277.0
2025-04-07 01:25:52.341203,20260.9,20278.0
2025-04-07 01:25:52.562814,20267.9,20277.0
2025-04-07 01:25:52.931085,20268.9,20280.0
2025-04-07 01:25:55.000948,20268.9,20277.0
2025-04-07 01:25:55.622864,20268.9,20278.0
2025-04-07 01:25:57.352174,20269.1,20294.8
2025-04-07 01:25:58.481377,20272.9,20294.0
2025-04-07 01:25:58.817371,20276.9,20299.0
2025-04-07 01:26:00.492886,20276.9,20296.0
2025-04-07 01:26:01.309027,20294.2,20295.7
2025-04-07 01:26:02.682221,20279.9,20303.0
2025-04-07 01:26:02.928781,20279.9,20297.0
2025-04-07 01:26:06.396313,20282.9,20289.0
2025-04-07 01:26:07.152749,20276.9,20286.0
2025-04-07 01:26:09.739214,20277.9,20286.0
2025-04-07 01:26:13.128280,20277.9,20285.0
2025-04-07 01:26:13.786029,20280.7,20282.2
2025-04-07 01:26:15.601532,20268.9,20286.0
2025-04-07 01:26:17.848041,20268.9,20284.0
2025-04-07 01:26:18.265767,20268.9,20287.0
2025-04-07 01:26:19.951136,20270.9,20295.0
2025-04-07 01:26:24.109711,20271.9,20294.0
2025-04-07 01:26:25.720123,20271.9,20292.0
2025-04-07 01:26:29.042560,20280.9,20291.0
2025-04-07 01:26:29.775309,20272.9,20290.0
2025-04-07 01:26:31.541769,20272.9,20288.0
2025-04-07 01:26:34.861216,20274.9,20287.0
2025-04-07 01:26:35.317742,20275.9,20287.0
2025-04-07 01:26:36.657414,20276.9,20287.0
2025-04-07 01:26:41.114306,20277.9,20287.0
2025-04-07 01:26:44.361767,20283.9,20288.0
2025-04-07 01:26:45.750751,20284.7,20286.2
2025-04-07 01:26:48.239421,20278.9,20293.0
2025-04-07 01:26:49.039753,20278.9,20291.0
2025-04-07 01:26:50.135753,20278.9,20288.0
2025-04-07 01:26:51.677510,20279.9,20289.0
2025-04-07 01:26:54.997367,20280.9,20291.0
2025-04-07 01:26:55.750665,20284.9,20291.0
2025-04-07 01:26:57.442514,20285.9,20305.0
2025-04-07 01:26:58.493440,20285.9,20303.0
2025-04-07 01:27:00.182512,20290.9,20302.0
2025-04-07 01:27:03.171948,20290.9,20300.0
2025-04-07 01:27:06.694638,20280.9,20298.0
2025-04-07 01:27:10.389220,20278.9,20297.0
2025-04-07 01:27:14.187922,20271.9,20296.0
2025-04-07 01:27:17.312568,20271.9,20277.0
2025-04-07 01:27:18.200178,20271.9,20276.0
2025-04-07 01:27:22.515824,20261.9,20275.0
2025-04-07 01:27:24.412594,20260.9,20274.0
2025-04-07 01:27:27.260580,20260.9,20265.0
2025-04-07 01:27:28.303783,20253.9,20264.0
2025-04-07 01:27:30.255480,20254.9,20261.0
2025-04-07 01:27:31.762519,20254.9,20260.0
2025-04-07 01:27:32.016263,20240.9,20260.0
2025-04-07 01:27:34.611241,20241.9,20259.0
2025-04-07 01:27:37.095864,20241.9,20258.0
2025-04-07 01:27:39.303627,20243.9,20258.0
2025-04-07 01:27:40.143312,20256.2,20257.7
2025-04-07 01:27:43.227019,20243.9,20256.0
2025-04-07 01:27:44.382092,20243.9,20255.0
2025-04-07 01:27:47.016371,20244.9,20254.0
2025-04-07 01:27:47.735331,20243.9,20254.0
2025-04-07 01:27:49.120224,20244.9,20253.0
2025-04-07 01:27:50.756845,20240.9,20252.0
2025-04-07 01:27:54.851065,20241.9,20251.0
2025-04-07 01:27:55.893078,20241.9,20264.0
2025-04-07 01:28:01.640044,20252.9,20264.0
2025-04-07 01:28:03.334822,20253.9,20274.0
2025-04-07 01:28:13.376243,20257.9,20274.0
2025-04-07 01:28:15.077729,20259.9,20281.0
2025-04-07 01:28:21.297697,20262.9,20280.0
2025-04-07 01:28:36.651231,20262.9,20278.0
2025-04-07 01:28:37.224465,20253.9,20277.0
2025-04-07 01:28:38.132797,20253.9,20267.0
2025-04-07 01:28:39.016910,20248.9,20266.0
2025-04-07 01:28:39.650578,20238.9,20254.0
2025-04-07 01:28:40.109228,20239.9,20253.0
2025-04-07 01:28:42.852442,20241.9,20253.0
2025-04-07 01:28:44.248652,20242.9,20253.0
2025-04-07 01:28:44.932769,20243.9,20253.0
2025-04-07 01:28:45.208447,20238.9,20253.0
2025-04-07 01:28:46.034567,20239.9,20253.0
2025-04-07 01:28:51.740778,20239.9,20252.0
2025-04-07 01:28:52.733862,20239.9,20251.0
2025-04-07 01:28:53.965082,20238.9,20251.0
2025-04-07 01:28:54.945349,20238.9,20250.0
2025-04-07 01:28:55.680349,20227.9,20249.0
2025-04-07 01:28:55.909580,20231.9,20249.0
2025-04-07 01:28:56.969479,20232.9,20249.0
2025-04-07 01:28:59.161571,20223.9,20249.0
2025-04-07 01:29:00.184656,20225.9,20247.0
2025-04-07 01:29:07.766404,20226.9,20247.0
2025-04-07 01:29:17.286607,20227.9,20247.0
2025-04-07 01:29:17.549882,20228.9,20247.0
2025-04-07 01:29:19.346251,20229.9,20247.0
2025-04-07 01:29:20.845928,20229.9,20246.0
2025-04-07 01:29:21.692602,20231.9,20245.0
2025-04-07 01:29:28.536809,20223.9,20244.0
2025-04-07 01:29:37.852194,20216.1,20241.8
2025-04-07 01:29:41.070384,20215.1,20240.8
2025-04-07 01:29:41.557763,20213.9,20239.0
2025-04-07 01:29:42.058042,20214.9,20236.0
2025-04-07 01:29:42.475081,20213.9,20233.0
2025-04-07 01:29:43.123367,20206.9,20230.0
2025-04-07 01:29:43.431401,20206.9,20227.0
2025-04-07 01:29:44.393783,20206.9,20222.0
2025-04-07 01:29:45.175841,20206.9,20220.0
2025-04-07 01:29:45.402699,20206.9,20218.0
2025-04-07 01:29:46.121961,20206.9,20216.0
2025-04-07 01:29:46.457475,20206.9,20215.0
2025-04-07 01:29:46.715917,20206.9,20229.0
2025-04-07 01:29:54.253535,20206.9,20228.0
2025-04-07 01:30:29.409369,20211.1,20236.8
2025-04-07 01:30:35.565172,20206.9,20228.0
2025-04-07 01:30:40.509827,20206.9,20227.0
2025-04-07 01:30:46.411446,20206.9,20226.0
2025-04-07 01:30:46.850939,20206.9,20225.0
2025-04-07 01:30:51.103491,20206.9,20224.0
2025-04-07 01:30:54.011091,20205.9,20224.0
2025-04-07 01:30:56.145189,20205.9,20219.0
2025-04-07 01:30:59.206037,20190.9,20213.0
2025-04-07 01:30:59.676452,20191.9,20212.0
2025-04-07 01:31:03.601208,20191.9,20210.0
2025-04-07 01:31:26.368299,20188.9,20209.0
2025-04-07 01:31:26.629609,20187.9,20209.0
2025-04-07 01:31:26.875814,20188.9,20209.0
2025-04-07 01:31:30.688829,20189.9,20209.0
2025-04-07 01:31:32.774957,20206.9,20209.0
2025-04-07 01:31:34.227268,20189.9,20208.0
2025-04-07 01:31:35.668689,20182.9,20206.0
2025-04-07 01:31:38.934524,20182.9,20204.0
2025-04-07 01:31:46.031703,20182.9,20203.0
2025-04-07 01:31:49.130839,20182.9,20202.0
2025-04-07 01:31:55.304973,20182.9,20200.0
2025-04-07 01:31:56.073742,20182.9,20198.0
2025-04-07 01:31:56.572375,20182.9,20196.0
2025-04-07 01:31:57.067572,20182.9,20195.0
2025-04-07 01:31:57.409700,20182.9,20194.0
2025-04-07 01:31:57.959880,20182.9,20193.0
2025-04-07 01:31:58.308469,20182.9,20192.0
2025-04-07 01:31:59.036298,20182.9,20191.0
2025-04-07 01:31:59.380337,20182.9,20190.0
2025-04-07 01:31:59.621473,20183.9,20202.0
2025-04-07 01:32:04.489288,20185.9,20202.0
2025-04-07 01:32:14.449183,20186.9,20202.0
2025-04-07 01:32:16.332146,20186.9,20201.0
2025-04-07 01:32:16.562711,20186.9,20199.0
2025-04-07 01:32:25.415494,20186.9,20200.0
2025-04-07 01:32:27.617571,20201.9,20218.0
2025-04-07 01:32:31.753160,20202.9,20216.0
2025-04-07 01:32:34.482693,20198.9,20216.0
2025-04-07 01:32:34.823537,20186.9,20201.0
2025-04-07 01:32:36.511423,20186.9,20200.0
2025-04-07 01:32:38.150000,20186.9,20201.0
2025-04-07 01:32:41.705494,20186.9,20210.0
2025-04-07 01:32:41.929499,20186.9,20208.0
2025-04-07 01:32:46.228957,20195.9,20208.0
2025-04-07 01:32:50.915960,20196.9,20218.0
2025-04-07 01:32:52.715205,20196.9,20216.0
2025-04-07 01:32:53.765516,20196.9,20214.0
2025-04-07 01:32:54.779281,20196.9,20213.0
2025-04-07 01:32:55.499823,20196.9,20212.0
2025-04-07 01:32:56.886354,20196.9,20211.0
2025-04-07 01:32:56.941855,20196.9,20210.0
2025-04-07 01:32:59.364851,20196.9,20206.0
2025-04-07 01:33:00.221859,20200.1,20225.8
2025-04-07 01:33:02.413281,20199.6,20225.3
2025-04-07 01:33:11.106376,20211.9,20227.0
2025-04-07 01:33:11.740273,20213.9,20227.0
2025-04-07 01:33:12.577999,20214.9,20227.0
2025-04-07 01:33:14.168750,20209.9,20227.0
2025-04-07 01:33:15.270799,20211.9,20227.0
2025-04-07 01:33:16.643159,20209.9,20226.0
2025-04-07 01:33:31.940067,20202.9,20226.0
2025-04-07 01:33:39.689443,20202.9,20225.0
2025-04-07 01:33:54.118243,20202.9,20223.0
2025-04-07 01:33:58.994855,20202.9,20221.0
2025-04-07 01:34:04.519337,20203.9,20221.0
2025-04-07 01:34:05.844993,20204.9,20221.0
2025-04-07 01:34:11.385812,20204.9,20220.0
2025-04-07 01:34:12.211035,20204.9,20217.0
2025-04-07 01:34:12.450679,20204.9,20216.0
2025-04-07 01:34:13.264624,20204.9,20213.0
2025-04-07 01:34:13.960983,20204.9,20212.0
2025-04-07 01:34:18.998121,20204.9,20209.0
2025-04-07 01:34:23.527649,20204.9,20217.0
2025-04-07 01:34:24.406512,20204.9,20226.0
2025-04-07 01:34:26.845687,20204.9,20225.0
2025-04-07 01:34:33.464553,20204.9,20224.0
2025-04-07 01:34:46.410347,20204.9,20223.0
2025-04-07 01:34:47.680813,20204.9,20222.0
2025-04-07 01:34:49.124917,20204.9,20220.0
2025-04-07 01:34:49.896950,20204.9,20218.0
2025-04-07 01:34:51.689456,20204.9,20217.0
2025-04-07 01:34:52.650670,20204.9,20216.0
2025-04-07 01:34:54.021762,20205.9,20215.0
2025-04-07 01:34:58.990189,20201.9,20215.0
2025-04-07 01:35:00.531694,20203.1,20228.8
2025-04-07 01:35:01.355369,20202.9,20227.0
2025-04-07 01:35:03.381314,20202.9,20225.0
2025-04-07 01:35:03.639991,20202.9,20223.0
2025-04-07 01:35:04.935150,20201.9,20218.0
2025-04-07 01:35:05.448482,20202.9,20218.0
2025-04-07 01:35:06.971593,20201.9,20218.0
2025-04-07 01:35:07.172338,20201.9,20216.0
2025-04-07 01:35:07.938452,20187.6,20213.3
2025-04-07 01:35:09.175595,20186.9,20211.0
2025-04-07 01:35:12.464890,20186.9,20209.0
2025-04-07 01:35:14.267530,20181.9,20205.0
2025-04-07 01:35:15.193353,20182.9,20201.0
2025-04-07 01:35:19.114153,20182.9,20199.0
2025-04-07 01:35:28.450420,20182.9,20198.0
2025-04-07 01:35:31.853085,20182.9,20197.0
2025-04-07 01:35:37.213663,20182.9,20195.0
2025-04-07 01:35:37.744043,20182.9,20193.0
2025-04-07 01:35:40.969371,20182.9,20192.0
2025-04-07 01:35:41.976199,20181.9,20191.0
2025-04-07 01:35:42.383785,20182.9,20191.0
2025-04-07 01:35:44.323151,20182.9,20192.0
2025-04-07 01:35:48.176593,20182.9,20207.0
2025-04-07 01:35:48.424155,20182.9,20206.0
2025-04-07 01:35:49.377325,20182.9,20205.0
2025-04-07 01:35:50.457059,20182.9,20204.0
2025-04-07 01:35:51.710544,20182.9,20203.0
2025-04-07 01:35:52.421082,20182.9,20201.0
2025-04-07 01:35:53.819835,20182.9,20199.0
2025-04-07 01:35:54.059095,20182.9,20198.0
2025-04-07 01:35:55.527538,20181.9,20198.0
2025-04-07 01:35:55.786086,20181.9,20197.0
2025-04-07 01:35:57.736167,20174.9,20194.0
2025-04-07 01:36:00.682114,20172.9,20193.0
2025-04-07 01:36:01.178858,20173.9,20192.0
2025-04-07 01:36:05.203174,20174.9,20192.0
2025-04-07 01:36:05.458071,20174.9,20191.0
2025-04-07 01:36:07.450379,20175.9,20190.0
2025-04-07 01:36:08.000479,20175.9,20189.0
2025-04-07 01:36:24.406524,20165.9,20187.0
2025-04-07 01:36:24.638376,20165.9,20188.0
2025-04-07 01:36:37.119181,20165.9,20186.0
2025-04-07 01:36:56.577308,20165.9,20183.0
2025-04-07 01:36:56.964175,20165.9,20180.0
2025-04-07 01:36:57.356842,20166.9,20178.0
2025-04-07 01:36:57.623226,20170.9,20177.0
2025-04-07 01:36:58.092056,20171.9,20176.0
2025-04-07 01:36:58.170808,20170.9,20176.0
2025-04-07 01:36:58.657918,20164.9,20175.0
2025-04-07 01:36:58.843821,20164.9,20174.0
2025-04-07 01:36:59.310747,20164.9,20172.0
2025-04-07 01:36:59.871116,20156.9,20170.0
2025-04-07 01:37:00.317652,20156.9,20168.0
2025-04-07 01:37:00.771177,20156.9,20166.0
2025-04-07 01:37:03.098537,20156.9,20165.0
2025-04-07 01:37:03.984120,20156.9,20161.0
2025-04-07 01:37:04.599553,20154.9,20158.0
2025-04-07 01:37:04.822426,20147.9,20156.0
2025-04-07 01:37:05.086414,20147.9,20165.0
2025-04-07 01:37:09.251789,20147.9,20164.0
2025-04-07 01:37:11.169016,20148.9,20163.0
2025-04-07 01:37:14.708986,20149.6,20175.3
2025-04-07 01:37:18.262092,20148.9,20171.0
2025-04-07 01:37:24.345083,20149.9,20170.0
2025-04-07 01:37:27.960441,20150.9,20170.0
2025-04-07 01:37:29.984807,20153.9,20170.0
2025-04-07 01:37:39.444935,20154.9,20169.0
2025-04-07 01:37:39.659783,20154.9,20175.0
2025-04-07 01:37:44.468395,20154.9,20173.0
2025-04-07 01:37:46.505937,20154.9,20172.0
2025-04-07 01:37:49.541959,20154.9,20176.0
2025-04-07 01:38:05.916094,20154.9,20174.0
2025-04-07 01:38:18.238085,20154.9,20169.0
2025-04-07 01:38:19.336906,20141.9,20167.0
2025-04-07 01:38:46.331359,20142.9,20165.0
2025-04-07 01:38:47.033291,20142.9,20163.0
2025-04-07 01:38:48.430705,20141.9,20160.0
2025-04-07 01:38:51.312987,20133.9,20153.0
2025-04-07 01:38:55.148505,20133.9,20152.0
2025-04-07 01:38:57.807721,20130.9,20149.0
2025-04-07 01:38:58.349474,20130.9,20148.0
2025-04-07 01:39:00.906185,20130.9,20146.0
2025-04-07 01:39:04.625548,20130.9,20151.0
2025-04-07 01:39:06.787815,20130.9,20155.0
2025-04-07 01:39:19.225800,20130.9,20154.0
2025-04-07 01:39:31.139859,20130.9,20146.0
2025-04-07 01:39:33.044262,20130.9,20145.0
2025-04-07 01:39:35.189882,20130.9,20146.0
2025-04-07 01:39:38.099108,20130.9,20145.0
2025-04-07 01:39:47.157748,20130.9,20144.0
2025-04-07 01:39:49.826596,20130.9,20142.0
2025-04-07 01:39:50.443706,20130.9,20146.0
2025-04-07 01:39:51.627077,20130.9,20155.0
2025-04-07 01:39:54.781474,20135.9,20154.0
2025-04-07 01:39:56.593093,20136.9,20154.0
2025-04-07 01:39:56.847069,20136.9,20153.0
2025-04-07 01:40:02.384810,20136.9,20152.0
2025-04-07 01:40:03.519666,20136.9,20150.0
2025-04-07 01:40:06.313194,20136.9,20161.0
2025-04-07 01:40:08.070622,20140.9,20160.0
2025-04-07 01:40:12.532297,20141.9,20166.0
2025-04-07 01:40:13.028229,20147.9,20166.0
2025-04-07 01:40:16.576148,20148.9,20165.0
2025-04-07 01:40:19.031376,20148.9,20170.0
2025-04-07 01:40:19.519213,20154.9,20169.0
2025-04-07 01:40:28.471639,20155.9,20168.0
2025-04-07 01:40:32.137680,20156.9,20167.0
2025-04-07 01:40:36.082711,20156.9,20171.0
2025-04-07 01:40:45.163127,20156.9,20175.0
2025-04-07 01:40:48.031063,20157.9,20174.0
2025-04-07 01:40:49.421680,20158.9,20176.0
2025-04-07 01:40:53.091371,20163.9,20179.0
2025-04-07 01:40:58.369652,20167.9,20183.0
2025-04-07 01:41:01.394447,20168.9,20183.0
2025-04-07 01:41:03.379610,20169.9,20183.0
2025-04-07 01:41:08.772856,20169.9,20182.0
2025-04-07 01:41:10.927820,20154.1,20179.8
2025-04-07 01:41:17.329817,20153.9,20172.0
2025-04-07 01:42:00.576048,20142.1,20167.8
2025-04-07 01:42:01.082681,20141.9,20165.0
2025-04-07 01:42:01.333866,20141.9,20162.0
2025-04-07 01:42:01.517892,20142.9,20159.0
2025-04-07 01:42:02.029656,20143.9,20158.0
2025-04-07 01:42:02.345197,20140.9,20155.0
2025-04-07 01:42:02.948367,20141.9,20154.0
2025-04-07 01:42:03.414299,20141.9,20151.0
2025-04-07 01:42:04.018864,20141.9,20150.0
2025-04-07 01:42:04.380743,20141.9,20148.0
2025-04-07 01:42:05.235141,20142.9,20151.0
2025-04-07 01:42:05.414640,20142.9,20150.0
2025-04-07 01:42:05.752521,20142.9,20149.0
2025-04-07 01:42:07.378985,20131.9,20149.0
2025-04-07 01:42:08.781572,20132.9,20149.0
2025-04-07 01:42:09.631536,20133.9,20149.0
2025-04-07 01:42:13.885008,20122.6,20148.3
2025-04-07 01:42:22.065269,20122.9,20148.0
2025-04-07 01:42:23.329813,20122.9,20146.0
2025-04-07 01:42:24.883095,20122.9,20143.0
2025-04-07 01:42:25.800950,20122.9,20139.0
2025-04-07 01:42:41.814316,20120.9,20138.0
2025-04-07 01:42:53.648487,20120.9,20137.0
2025-04-07 01:42:53.911624,20120.9,20135.0
2025-04-07 01:42:54.644257,20120.9,20133.0
2025-04-07 01:42:54.889974,20120.9,20131.0
2025-04-07 01:42:55.780414,20120.9,20129.0
2025-04-07 01:42:56.949779,20120.9,20128.0
2025-04-07 01:43:01.047445,20120.9,20125.0
2025-04-07 01:43:01.267748,20120.9,20136.0
2025-04-07 01:43:02.218127,20120.9,20143.0
2025-04-07 01:43:02.884094,20120.9,20141.0
2025-04-07 01:43:04.382659,20120.9,20140.0
2025-04-07 01:43:06.910215,20120.9,20139.0
2025-04-07 01:43:11.512135,20120.9,20140.0
2025-04-07 01:43:12.791011,20120.9,20143.0
2025-04-07 01:43:17.782215,20124.1,20149.8
2025-04-07 01:43:21.509832,20123.1,20148.8
2025-04-07 01:43:23.280802,20122.6,20148.3
2025-04-07 01:43:47.344121,20122.1,20147.8
2025-04-07 01:43:47.993007,20121.6,20147.3
2025-04-07 01:43:49.526358,20121.1,20146.8
2025-04-07 01:43:53.416891,20120.9,20145.0
2025-04-07 01:44:00.761704,20120.9,20144.0
2025-04-07 01:44:01.628670,20120.9,20143.0
2025-04-07 01:44:02.874252,20120.9,20142.0
2025-04-07 01:44:03.626865,20120.9,20141.0
2025-04-07 01:44:04.730386,20120.9,20140.0
2025-04-07 01:44:09.127513,20120.9,20138.0
2025-04-07 01:44:10.463619,20120.9,20136.0
2025-04-07 01:44:17.629803,20121.9,20136.0
2025-04-07 01:44:17.918658,20123.9,20136.0
2025-04-07 01:44:18.616697,20126.9,20136.0
2025-04-07 01:44:18.932224,20127.9,20136.0
2025-04-07 01:44:19.683555,20123.9,20134.0
2025-04-07 01:44:20.008426,20123.9,20133.0
2025-04-07 01:44:20.499832,20123.9,20135.0
2025-04-07 01:44:22.615267,20123.9,20145.0
2025-04-07 01:44:23.566472,20123.9,20143.0
2025-04-07 01:44:23.812918,20123.9,20141.0
2025-04-07 01:44:25.298850,20123.9,20144.0
2025-04-07 01:44:32.317270,20123.9,20143.0
2025-04-07 01:44:36.843922,20126.1,20151.8
2025-04-07 01:44:38.239496,20133.9,20153.0
2025-04-07 01:44:48.198167,20135.9,20153.0
2025-04-07 01:44:52.709485,20136.9,20157.0
2025-04-07 01:44:53.205889,20138.9,20155.0
2025-04-07 01:44:54.178625,20139.9,20159.0
2025-04-07 01:44:58.577030,20139.9,20153.0
2025-04-07 01:44:59.588294,20139.9,20155.0
2025-04-07 01:44:59.794134,20134.9,20152.0
2025-04-07 01:45:00.831965,20124.6,20150.3
2025-04-07 01:45:02.297863,20123.9,20147.0
2025-04-07 01:45:03.086787,20134.9,20147.0
2025-04-07 01:45:03.660928,20134.9,20155.0
2025-04-07 01:45:06.356992,20135.9,20154.0
2025-04-07 01:45:09.913171,20136.9,20153.0
2025-04-07 01:45:11.968120,20136.9,20151.0
2025-04-07 01:45:12.039583,20139.9,20150.0
2025-04-07 01:45:12.330993,20136.9,20149.0
2025-04-07 01:45:14.204156,20134.9,20146.0
2025-04-07 01:45:14.746529,20134.9,20153.0
2025-04-07 01:45:25.700358,20134.9,20151.0
2025-04-07 01:45:27.776390,20133.9,20150.0
2025-04-07 01:45:28.829733,20134.9,20150.0
2025-04-07 01:45:29.859253,20133.9,20150.0
2025-04-07 01:45:31.822911,20134.9,20150.0
2025-04-07 01:45:34.162229,20134.9,20149.0
2025-04-07 01:45:34.492905,20134.9,20148.0
2025-04-07 01:45:36.525599,20134.9,20147.0
2025-04-07 01:45:38.859526,20134.9,20146.0
2025-04-07 01:45:41.423701,20134.9,20145.0
2025-04-07 01:45:43.425885,20133.9,20145.0
2025-04-07 01:45:43.608516,20134.9,20145.0
2025-04-07 01:45:47.791515,20134.9,20153.0
2025-04-07 01:45:48.115192,20134.9,20152.0
2025-04-07 01:45:48.525842,20134.9,20151.0
2025-04-07 01:45:48.791692,20134.9,20159.0
2025-04-07 01:45:50.344031,20134.9,20157.0
2025-04-07 01:45:51.848793,20134.9,20156.0
2025-04-07 01:45:56.028604,20134.9,20155.0
2025-04-07 01:46:02.100004,20134.9,20154.0
2025-04-07 01:46:03.418110,20134.9,20153.0
2025-04-07 01:46:07.803478,20134.9,20152.0
2025-04-07 01:46:11.078505,20141.9,20159.0
2025-04-07 01:46:15.834405,20141.9,20164.0
2025-04-07 01:46:18.009518,20148.9,20163.0
2025-04-07 01:46:19.673086,20149.9,20168.0
2025-04-07 01:46:29.111620,20149.9,20166.0
2025-04-07 01:46:30.922768,20149.9,20165.0
2025-04-07 01:46:32.215306,20149.9,20163.0
2025-04-07 01:46:33.331039,20149.9,20161.0
2025-04-07 01:46:35.604675,20141.9,20159.0
2025-04-07 01:46:36.295601,20141.9,20163.0
2025-04-07 01:46:37.844821,20142.1,20167.8
2025-04-07 01:46:45.644475,20142.9,20168.0
2025-04-07 01:46:55.716858,20147.1,20172.8
2025-04-07 01:46:56.817822,20146.1,20171.8
2025-04-07 01:46:57.838323,20150.6,20176.3
2025-04-07 01:47:00.996835,20152.9,20177.0
2025-04-07 01:47:02.290022,20157.1,20182.8
2025-04-07 01:47:03.896166,20156.6,20182.3
2025-04-07 01:47:04.989286,20155.6,20181.3
2025-04-07 01:47:05.838850,20158.9,20182.0
2025-04-07 01:47:07.904368,20159.9,20181.0
2025-04-07 01:47:09.162102,20159.9,20179.0
2025-04-07 01:47:13.630411,20159.9,20177.0
2025-04-07 01:47:15.486790,20159.9,20175.0
2025-04-07 01:47:17.004693,20159.9,20174.0
2025-04-07 01:47:19.061034,20160.1,20185.8
2025-04-07 01:47:20.610761,20162.9,20184.0
2025-04-07 01:47:22.035663,20163.9,20185.0
2025-04-07 01:47:23.254502,20165.9,20184.0
2025-04-07 01:47:23.812788,20165.9,20185.0
2025-04-07 01:47:26.419625,20168.1,20193.8
2025-04-07 01:47:30.733714,20174.9,20195.0
2025-04-07 01:47:31.130072,20175.9,20194.0
2025-04-07 01:47:37.506122,20175.9,20193.0
2025-04-07 01:47:38.087894,20175.9,20191.0
2025-04-07 01:47:48.296126,20175.9,20195.0
2025-04-07 01:47:50.701359,20176.9,20195.0
2025-04-07 01:47:54.638463,20177.9,20194.0
2025-04-07 01:47:55.690381,20178.9,20194.0
2025-04-07 01:47:56.189628,20180.9,20199.0
2025-04-07 01:47:56.930530,20183.9,20199.0
2025-04-07 01:47:57.548074,20184.9,20199.0
2025-04-07 01:47:58.090923,20186.9,20199.0
2025-04-07 01:47:58.375230,20188.9,20199.0
2025-04-07 01:47:58.578874,20189.9,20204.0
2025-04-07 01:47:58.980362,20190.9,20203.0
2025-04-07 01:47:59.295079,20193.9,20204.0
2025-04-07 01:47:59.612937,20193.9,20203.0
2025-04-07 01:48:00.106810,20194.9,20203.0
2025-04-07 01:48:01.265806,20196.9,20203.0
2025-04-07 01:48:03.093305,20188.9,20201.0
2025-04-07 01:48:03.497552,20189.9,20201.0
2025-04-07 01:48:03.690493,20193.9,20201.0
2025-04-07 01:48:04.688734,20194.9,20203.0
2025-04-07 01:48:13.005101,20194.9,20204.0
2025-04-07 01:48:16.089696,20194.9,20211.0
2025-04-07 01:48:17.324689,20194.9,20210.0
2025-04-07 01:48:20.409476,20194.9,20209.0
2025-04-07 01:48:27.404648,20194.9,20208.0
2025-04-07 01:48:32.968618,20194.9,20209.0
2025-04-07 01:48:33.858119,20194.9,20208.0
2025-04-07 01:48:34.409826,20195.9,20206.0
2025-04-07 01:48:36.148328,20195.9,20207.0
2025-04-07 01:48:46.052135,20195.9,20216.0
2025-04-07 01:49:09.633708,20197.1,20222.8
2025-04-07 01:49:10.705992,20196.1,20221.8
2025-04-07 01:49:11.612093,20195.9,20218.0
2025-04-07 01:49:18.782917,20195.9,20217.0
2025-04-07 01:49:26.268718,20195.9,20216.0
2025-04-07 01:49:26.687215,20196.9,20216.0
2025-04-07 01:49:29.313778,20197.9,20221.0
2025-04-07 01:49:37.937720,20197.9,20220.0
2025-04-07 01:49:40.681074,20197.9,20219.0
2025-04-07 01:49:43.503492,20197.9,20218.0
2025-04-07 01:49:46.392903,20197.9,20217.0
2025-04-07 01:50:02.691441,20198.9,20217.0
2025-04-07 01:50:16.806795,20198.9,20218.0
2025-04-07 01:50:28.909622,20198.9,20217.0
2025-04-07 01:50:29.164247,20198.9,20216.0
2025-04-07 01:50:33.204802,20198.9,20215.0
2025-04-07 01:50:48.719830,20198.9,20214.0
2025-04-07 01:50:51.455945,20198.9,20213.0
2025-04-07 01:50:52.422234,20198.9,20212.0
2025-04-07 01:50:59.407398,20198.9,20210.0
2025-04-07 01:50:59.970380,20198.9,20208.0
2025-04-07 01:51:00.277360,20194.9,20206.0
2025-04-07 01:51:01.722815,20194.9,20207.0
2025-04-07 01:51:02.132977,20194.9,20205.0
2025-04-07 01:51:03.988022,20194.9,20217.0
2025-04-07 01:51:09.370689,20194.9,20216.0
2025-04-07 01:51:13.283458,20194.9,20215.0
2025-04-07 01:51:26.156846,20194.9,20214.0
2025-04-07 01:51:29.393862,20194.9,20213.0
2025-04-07 01:51:34.943301,20195.9,20213.0
2025-04-07 01:51:42.174513,20201.1,20226.8
2025-04-07 01:51:43.504715,20200.9,20224.0
2025-04-07 01:51:54.039503,20201.9,20224.0
2025-04-07 01:51:54.531933,20223.9,20232.0
2025-04-07 01:51:57.237166,20223.9,20227.0
2025-04-07 01:52:00.452928,20223.9,20231.0
2025-04-07 01:52:02.477386,20223.9,20239.0
2025-04-07 01:52:03.292668,20226.9,20239.0
2025-04-07 01:52:03.507442,20227.9,20239.0
2025-04-07 01:52:03.958628,20228.9,20239.0
2025-04-07 01:52:04.474917,20230.9,20238.0
2025-04-07 01:52:04.763320,20230.9,20239.0
2025-04-07 01:52:05.942317,20222.9,20237.0
2025-04-07 01:52:13.602433,20222.9,20235.0
2025-04-07 01:52:15.894253,20221.9,20231.0
2025-04-07 01:52:19.137781,20210.9,20226.0
2025-04-07 01:52:25.563467,20210.9,20225.0
2025-04-07 01:52:31.749494,20210.9,20224.0
2025-04-07 01:52:35.209424,20210.9,20221.0
2025-04-07 01:52:35.910950,20210.9,20220.0
2025-04-07 01:52:36.483140,20198.9,20219.0
2025-04-07 01:52:53.382202,20198.9,20211.0
2025-04-07 01:52:56.405139,20198.9,20210.0
2025-04-07 01:53:02.111468,20198.9,20211.0
2025-04-07 01:53:02.895004,20198.9,20209.0
2025-04-07 01:53:05.556425,20198.9,20208.0
2025-04-07 01:53:06.552584,20198.9,20207.0
2025-04-07 01:53:07.055259,20198.9,20206.0
2025-04-07 01:53:15.440423,20198.9,20205.0
2025-04-07 01:53:15.696891,20194.9,20201.0
2025-04-07 01:53:17.795863,20194.9,20215.0
2025-04-07 01:53:18.054094,20198.9,20215.0
2025-04-07 01:53:19.538688,20198.9,20214.0
2025-04-07 01:53:22.213327,20198.9,20215.0
2025-04-07 01:53:22.584926,20203.9,20220.0
2025-04-07 01:53:24.363873,20203.9,20223.0
2025-04-07 01:53:24.790513,20207.9,20222.0
2025-04-07 01:53:26.248799,20209.9,20222.0
2025-04-07 01:53:27.362191,20209.9,20223.0
2025-04-07 01:53:29.648001,20210.9,20231.0
2025-04-07 01:53:32.298193,20216.9,20231.0
2025-04-07 01:53:34.640958,20217.9,20230.0
2025-04-07 01:53:39.586568,20217.9,20235.0
2025-04-07 01:53:41.242338,20217.9,20239.0
2025-04-07 01:53:42.306573,20223.9,20238.0
2025-04-07 01:53:43.542217,20224.9,20242.0
2025-04-07 01:53:43.793505,20224.9,20246.0
2025-04-07 01:53:47.326109,20231.9,20245.0
2025-04-07 01:53:47.790644,20232.9,20246.0
2025-04-07 01:53:49.090127,20232.9,20250.0
2025-04-07 01:53:49.790594,20232.9,20249.0
2025-04-07 01:53:51.517376,20232.9,20248.0
2025-04-07 01:53:52.389633,20234.9,20248.0
2025-04-07 01:53:55.102143,20235.9,20253.0
2025-04-07 01:53:57.281667,20239.9,20253.0
2025-04-07 01:53:59.070899,20241.9,20254.0
2025-04-07 01:53:59.898235,20244.9,20259.0
2025-04-07 01:54:00.935438,20246.9,20258.0
2025-04-07 01:54:03.293926,20246.9,20259.0
2025-04-07 01:54:04.739650,20246.9,20266.0
2025-04-07 01:54:07.306218,20253.9,20266.0
2025-04-07 01:54:07.893548,20254.9,20266.0
2025-04-07 01:54:09.093224,20254.9,20271.0
2025-04-07 01:54:12.304749,20257.9,20270.0
2025-04-07 01:54:15.742506,20259.9,20270.0
2025-04-07 01:54:16.928384,20260.9,20270.0
2025-04-07 01:54:17.890039,20261.9,20270.0
2025-04-07 01:54:18.415952,20262.9,20270.0
2025-04-07 01:54:19.084025,20263.9,20271.0
2025-04-07 01:54:21.249109,20264.9,20270.0
2025-04-07 01:54:21.593222,20244.9,20262.0
2025-04-07 01:54:23.051987,20245.9,20267.0
2025-04-07 01:54:23.623577,20248.9,20269.0
2025-04-07 01:54:54.528767,20238.9,20261.0
2025-04-07 01:54:59.948891,20238.9,20253.0
2025-04-07 01:55:01.793857,20234.9,20251.0
2025-04-07 01:55:02.583815,20225.9,20246.0
2025-04-07 01:55:02.872454,20235.9,20246.0
2025-04-07 01:55:04.704303,20236.9,20251.0
2025-04-07 01:55:05.759644,20236.9,20250.0
2025-04-07 01:55:05.955717,20236.9,20249.0
2025-04-07 01:55:06.511484,20236.9,20248.0
2025-04-07 01:55:09.577178,20236.9,20252.0
2025-04-07 01:55:11.151106,20236.9,20256.0
2025-04-07 01:55:12.851197,20250.9,20255.0
2025-04-07 01:55:16.078085,20236.9,20262.0
2025-04-07 01:55:37.187148,20241.9,20262.0
2025-04-07 01:55:37.692964,20242.9,20262.0
2025-04-07 01:55:41.699813,20243.9,20262.0
2025-04-07 01:55:43.474433,20243.9,20261.0
2025-04-07 01:55:43.740761,20236.9,20249.0
2025-04-07 01:55:48.174808,20236.9,20250.0
2025-04-07 01:55:49.309580,20236.9,20249.0
2025-04-07 01:55:52.562684,20235.9,20249.0
2025-04-07 01:55:53.344556,20223.9,20248.0
2025-04-07 01:55:54.015298,20223.9,20241.0
2025-04-07 01:56:04.088493,20223.9,20239.0
2025-04-07 01:56:07.637305,20223.9,20237.0
2025-04-07 01:56:12.595555,20223.9,20233.0
2025-04-07 01:56:13.037742,20215.9,20232.0
2025-04-07 01:56:13.461484,20217.9,20228.0
2025-04-07 01:56:14.472206,20210.9,20228.0
2025-04-07 01:56:15.324203,20211.9,20228.0
2025-04-07 01:56:20.671259,20211.9,20227.0
2025-04-07 01:56:24.753553,20211.9,20225.0
2025-04-07 01:56:25.152091,20211.9,20224.0
2025-04-07 01:56:25.425412,20211.9,20222.0
2025-04-07 01:56:26.172867,20211.9,20223.0
2025-04-07 01:56:29.065374,20211.9,20231.0
2025-04-07 01:56:29.622073,20213.9,20231.0
2025-04-07 01:56:31.066987,20214.9,20231.0
2025-04-07 01:56:31.746155,20217.9,20230.0
2025-04-07 01:56:35.075768,20217.9,20231.0
2025-04-07 01:56:44.690892,20217.9,20230.0
2025-04-07 01:56:46.454163,20217.9,20231.0
2025-04-07 01:56:47.657030,20217.9,20230.0
2025-04-07 01:56:50.659125,20217.9,20228.0
2025-04-07 01:56:54.784057,20213.9,20229.0
2025-04-07 01:56:57.385798,20214.9,20228.0
2025-04-07 01:56:59.605114,20214.9,20227.0
2025-04-07 01:57:01.502032,20214.9,20226.0
2025-04-07 01:57:11.014284,20214.9,20225.0
2025-04-07 01:57:11.668707,20214.9,20224.0
2025-04-07 01:57:13.892479,20213.9,20224.0
2025-04-07 01:57:14.909057,20213.9,20223.0
2025-04-07 01:57:15.284036,20198.9,20222.0
2025-04-07 01:57:15.639616,20198.9,20218.0
2025-04-07 01:57:16.921613,20198.9,20209.0
2025-04-07 01:57:19.006387,20198.9,20208.0
2025-04-07 01:57:19.487631,20194.9,20208.0
2025-04-07 01:57:21.699908,20192.9,20208.0
2025-04-07 01:57:25.361226,20193.9,20207.0
2025-04-07 01:57:27.267524,20193.9,20206.0
2025-04-07 01:57:27.447201,20188.9,20205.0
2025-04-07 01:57:27.908571,20190.9,20203.0
2025-04-07 01:57:28.344847,20189.9,20202.0
2025-04-07 01:57:28.769996,20185.9,20199.0
2025-04-07 01:57:28.830338,20185.9,20198.0
2025-04-07 01:57:29.417548,20185.9,20196.0
2025-04-07 01:57:35.923149,20185.9,20202.0
2025-04-07 01:57:36.542388,20185.9,20201.0
2025-04-07 01:57:36.763475,20185.9,20202.0
2025-04-07 01:57:39.700886,20185.9,20207.0
2025-04-07 01:57:40.197629,20198.9,20215.0
2025-04-07 01:57:44.754394,20201.1,20226.8
2025-04-07 01:57:48.812605,20199.9,20225.0
2025-04-07 01:58:02.663830,20199.9,20220.0
2025-04-07 01:58:03.626625,20199.9,20219.0
2025-04-07 01:58:06.939424,20199.9,20212.0
2025-04-07 01:58:13.097417,20199.9,20225.0
2025-04-07 01:58:17.826742,20199.9,20219.0
2025-04-07 01:58:20.910678,20199.9,20217.0
2025-04-07 01:58:21.232965,20199.9,20224.0
2025-04-07 01:58:24.795323,20208.6,20234.3
2025-04-07 01:58:26.789664,20207.9,20233.0
2025-04-07 01:58:33.332500,20207.9,20229.0
2025-04-07 01:58:33.571456,20207.9,20227.0
2025-04-07 01:58:36.393662,20209.9,20227.0
2025-04-07 01:58:36.912205,20211.9,20227.0
2025-04-07 01:58:37.399948,20213.9,20227.0
2025-04-07 01:58:37.468791,20215.9,20233.0
2025-04-07 01:58:37.789827,20217.9,20232.0
2025-04-07 01:58:38.128425,20218.9,20234.0
2025-04-07 01:58:38.495616,20221.9,20239.0
2025-04-07 01:58:39.323775,20223.9,20238.0
2025-04-07 01:58:39.576595,20225.9,20238.0
2025-04-07 01:58:40.105492,20227.9,20238.0
2025-04-07 01:58:40.740039,20229.9,20238.0
2025-04-07 01:58:41.848648,20230.9,20240.0
2025-04-07 01:58:42.105191,20231.9,20240.0
2025-04-07 01:58:42.804470,20232.9,20246.0
2025-04-07 01:58:43.111489,20233.9,20246.0
2025-04-07 01:58:43.578437,20236.9,20246.0
2025-04-07 01:58:43.864452,20237.9,20246.0
2025-04-07 01:58:44.373197,20242.9,20246.0
2025-04-07 01:58:49.223962,20231.9,20246.0
2025-04-07 01:58:50.620650,20231.9,20247.0
2025-04-07 01:58:51.228717,20231.9,20246.0
2025-04-07 01:58:51.550330,20231.9,20247.0
2025-04-07 01:58:54.111157,20232.9,20247.0
2025-04-07 01:58:54.609015,20232.9,20246.0
2025-04-07 01:58:55.761776,20233.9,20246.0
2025-04-07 01:58:57.339069,20233.9,20247.0
2025-04-07 01:59:00.851699,20233.9,20246.0
2025-04-07 01:59:01.591583,20229.9,20241.0
2025-04-07 01:59:05.650441,20229.9,20240.0
2025-04-07 01:59:07.699783,20228.9,20239.0
2025-04-07 01:59:08.851310,20229.9,20238.0
2025-04-07 01:59:09.838547,20229.9,20239.0
2025-04-07 01:59:15.116910,20235.9,20251.0
2025-04-07 01:59:18.716345,20229.9,20245.0
2025-04-07 01:59:25.878137,20229.9,20239.0
2025-04-07 01:59:26.718229,20229.9,20236.0
2025-04-07 01:59:29.373411,20228.9,20236.0
2025-04-07 01:59:29.582432,20216.9,20233.0
2025-04-07 01:59:30.514603,20217.9,20233.0
2025-04-07 01:59:40.747023,20217.9,20232.0
2025-04-07 01:59:41.965972,20217.9,20239.0
2025-04-07 01:59:42.512310,20217.9,20238.0
2025-04-07 01:59:49.734817,20217.9,20237.0
2025-04-07 01:59:55.264961,20217.9,20239.0
2025-04-07 01:59:55.563737,20218.9,20239.0
2025-04-07 01:59:56.590484,20219.9,20238.0
2025-04-07 02:00:11.315204,20220.9,20238.0
2025-04-07 02:00:12.313097,20216.9,20238.0
2025-04-07 02:00:13.741518,20217.9,20236.0
2025-04-07 02:00:14.798117,20216.9,20230.0
2025-04-07 02:00:15.108778,20217.9,20230.0
2025-04-07 02:00:15.712500,20216.9,20229.0
2025-04-07 02:00:24.285368,20199.9,20221.0
2025-04-07 02:00:24.596724,20219.9,20239.0
2025-04-07 02:00:27.656736,20219.9,20238.0
2025-04-07 02:00:31.721775,20219.9,20237.0
2025-04-07 02:00:33.452134,20219.9,20236.0
2025-04-07 02:00:39.250974,20219.9,20235.0
2025-04-07 02:00:40.244356,20219.9,20234.0
2025-04-07 02:00:41.718813,20219.9,20232.0
2025-04-07 02:00:42.606831,20219.9,20236.0
2025-04-07 02:00:44.457297,20219.9,20223.0
2025-04-07 02:00:45.492061,20219.9,20241.0
2025-04-07 02:00:47.566122,20219.9,20240.0
2025-04-07 02:00:50.214024,20219.9,20241.0
2025-04-07 02:00:51.856701,20219.9,20242.0
2025-04-07 02:00:54.036945,20219.9,20241.0
2025-04-07 02:00:56.373270,20219.9,20239.0
2025-04-07 02:00:57.228013,20219.9,20238.0
2025-04-07 02:01:00.430613,20219.9,20234.0
2025-04-07 02:01:00.507608,20213.9,20227.0
2025-04-07 02:01:01.880677,20204.9,20227.0
2025-04-07 02:01:03.268929,20205.9,20226.0
2025-04-07 02:01:05.429088,20200.9,20215.0
2025-04-07 02:01:06.579560,20189.1,20214.8
2025-04-07 02:01:08.698869,20189.9,20211.0
2025-04-07 02:01:14.747800,20190.9,20208.0
2025-04-07 02:01:20.628294,20177.9,20198.0
2025-04-07 02:01:21.837845,20179.9,20197.0
2025-04-07 02:01:23.761213,20180.9,20197.0
2025-04-07 02:01:26.075302,20180.9,20196.0
2025-04-07 02:01:26.509472,20180.9,20197.0
2025-04-07 02:01:29.873394,20180.9,20202.0
2025-04-07 02:01:40.975610,20176.9,20194.0
2025-04-07 02:01:58.459572,20176.9,20192.0
2025-04-07 02:02:06.195248,20159.9,20171.0
2025-04-07 02:02:08.514752,20167.9,20181.0
2025-04-07 02:02:08.733466,20167.9,20180.0
2025-04-07 02:02:09.699286,20168.9,20180.0
2025-04-07 02:02:10.133149,20165.9,20180.0
2025-04-07 02:02:29.176954,20150.9,20170.0
2025-04-07 02:02:31.533758,20155.9,20169.0
