timestamp,bid,ask
2025-04-05 21:09:05.068854,4.2699,4.2716
2025-04-06 21:55:04.523438,4.2581,4.2758
2025-04-06 21:55:30.498641,4.2577,4.2754
2025-04-06 21:55:37.989563,4.2581,4.2758
2025-04-06 21:56:37.964186,4.258,4.2757
2025-04-06 21:57:38.051786,4.2584,4.2761
2025-04-06 21:58:37.716561,4.2586,4.2763
2025-04-06 21:59:16.321865,4.2581,4.2758
2025-04-06 21:59:20.827647,4.2586,4.2763
2025-04-06 21:59:22.815290,4.2581,4.2758
2025-04-06 21:59:23.817999,4.2586,4.2763
2025-04-06 21:59:26.320743,4.2581,4.2758
2025-04-06 21:59:37.832740,4.2582,4.2759
2025-04-06 21:59:59.602570,4.2571,4.2748
2025-04-06 21:59:59.865454,4.2567,4.2744
2025-04-06 22:00:00.722202,4.2556,4.2733
2025-04-06 22:00:01.146914,4.2553,4.273
2025-04-06 22:00:02.012479,4.2556,4.2733
2025-04-06 22:00:03.106602,4.2565,4.2742
2025-04-06 22:00:04.331237,4.2543,4.272
2025-04-06 22:00:04.830102,4.2548,4.2725
2025-04-06 22:00:07.475893,4.2536,4.2753
2025-04-06 22:00:09.789235,4.2523,4.274
2025-04-06 22:00:10.306950,4.2529,4.2746
2025-04-06 22:00:14.649658,4.256,4.2755
2025-04-06 22:00:18.364517,4.2539,4.2746
2025-04-06 22:00:19.506903,4.2542,4.2759
2025-04-06 22:00:21.551176,4.2549,4.2755
2025-04-06 22:00:25.212022,4.2549,4.2746
2025-04-06 22:00:25.691911,4.2574,4.273
2025-04-06 22:00:27.211254,4.2619,4.272
2025-04-06 22:00:29.119142,4.262,4.272
2025-04-06 22:00:30.176850,4.2539,4.272
2025-04-06 22:00:59.575808,4.262,4.2723
2025-04-06 22:01:03.378139,4.2616,4.2724
2025-04-06 22:21:12.905068,4.2632,4.2727
2025-04-06 22:21:41.164074,4.2636,4.2741
2025-04-06 22:24:16.426905,4.2626,4.2725
2025-04-06 22:24:37.522387,4.2626,4.2746
2025-04-06 22:25:17.332229,4.2613,4.2708
2025-04-06 22:25:45.556573,4.2613,4.2705
2025-04-06 22:25:47.059042,4.2613,4.2703
2025-04-06 22:25:48.467256,4.2599,4.2689
2025-04-06 22:26:34.498985,4.2596,4.2673
2025-04-06 22:26:49.412475,4.2588,4.2659
2025-04-06 22:26:52.804014,4.2611,4.2682
2025-04-06 22:26:53.296444,4.2612,4.2686
2025-04-06 22:26:53.885392,4.2612,4.2687
2025-04-06 22:26:54.721747,4.2612,4.2688
2025-04-06 22:26:55.372921,4.261,4.2686
2025-04-06 22:26:56.089987,4.261,4.2683
2025-04-06 22:26:57.563425,4.261,4.2681
2025-04-06 22:26:59.712490,4.261,4.2684
2025-04-06 22:27:00.783654,4.261,4.2678
2025-04-06 22:27:01.542140,4.261,4.268
2025-04-06 22:27:02.888377,4.261,4.2681
2025-04-06 22:27:04.059580,4.261,4.2679
2025-04-06 22:27:05.883182,4.261,4.2681
2025-04-06 22:27:53.914145,4.2595,4.2675
2025-04-06 22:28:19.326020,4.2608,4.2683
2025-04-06 22:29:04.706162,4.2593,4.2673
2025-04-06 22:29:16.875079,4.2606,4.2683
2025-04-06 22:30:44.108228,4.2612,4.2717
2025-04-06 22:43:53.522249,4.2617,4.2726
2025-04-06 22:47:35.311160,4.2617,4.2726
2025-04-06 22:50:22.804642,4.2617,4.2722
2025-04-06 22:51:11.924037,4.2615,4.2723
2025-04-06 22:51:42.556592,4.2614,4.2724
2025-04-06 22:52:14.229340,4.2611,4.2723
2025-04-06 22:52:16.161519,4.2607,4.2719
2025-04-06 22:52:22.897078,4.2609,4.2721
2025-04-06 22:52:29.869393,4.2613,4.2725
2025-04-06 22:52:30.990638,4.2615,4.2726
2025-04-06 22:52:35.834199,4.2616,4.2727
2025-04-06 22:52:42.817004,4.2622,4.2732
2025-04-06 22:52:44.434567,4.2623,4.2733
2025-04-06 22:52:50.601820,4.2621,4.2732
2025-04-06 22:52:54.841000,4.2623,4.2733
2025-04-06 22:53:00.162326,4.2619,4.2729
2025-04-06 22:53:16.553560,4.2618,4.2729
2025-04-06 22:53:50.127459,4.2618,4.2731
2025-04-06 22:53:50.840787,4.262,4.2733
2025-04-06 22:53:51.525121,4.2618,4.273
2025-04-06 22:53:53.497338,4.2611,4.2722
2025-04-06 22:53:54.623291,4.2609,4.2721
2025-04-06 22:53:55.598058,4.261,4.2721
2025-04-06 22:54:09.384963,4.2612,4.2723
2025-04-06 22:54:11.764897,4.2611,4.2721
2025-04-06 23:13:29.919388,4.261,4.2726
2025-04-06 23:31:03.883313,4.262,4.272
2025-04-06 23:31:23.115457,4.2622,4.2718
2025-04-06 23:34:22.487030,4.2626,4.2717
2025-04-06 23:36:55.944767,4.2628,4.2719
2025-04-06 23:40:47.397162,4.2626,4.2717
2025-04-06 23:41:17.289862,4.2627,4.2718
2025-04-06 23:41:44.634142,4.263,4.2719
2025-04-06 23:42:26.470734,4.2629,4.2716
2025-04-06 23:42:44.048901,4.2631,4.2718
2025-04-06 23:52:09.708418,4.2627,4.2706
2025-04-06 23:58:14.078607,4.2638,4.2712
2025-04-06 23:58:15.157747,4.265,4.2722
2025-04-06 23:58:17.571857,4.2662,4.2701
2025-04-06 23:58:52.679268,4.2661,4.2699
2025-04-06 23:59:14.522322,4.2663,4.2702
2025-04-07 00:00:49.568337,4.2678,4.2715
2025-04-07 00:00:50.379599,4.2676,4.2713
2025-04-07 00:00:51.032140,4.2681,4.2718
2025-04-07 00:00:52.608794,4.2679,4.2716
2025-04-07 00:00:53.827799,4.2681,4.2718
2025-04-07 00:00:54.577401,4.268,4.2717
2025-04-07 00:00:55.584161,4.2681,4.2718
2025-04-07 00:01:01.431415,4.2681,4.2718
2025-04-07 00:01:02.827460,4.2679,4.2716
2025-04-07 00:01:04.993761,4.2678,4.2715
2025-04-07 00:01:06.905948,4.2682,4.2719
2025-04-07 00:01:09.629547,4.268,4.2717
2025-04-07 00:01:10.253002,4.2679,4.2716
2025-04-07 00:01:11.052800,4.2681,4.2718
2025-04-07 00:01:12.175014,4.268,4.2717
2025-04-07 00:01:14.113832,4.2678,4.2715
2025-04-07 00:01:14.908389,4.2681,4.2718
2025-04-07 00:01:15.401797,4.268,4.2717
2025-04-07 00:01:16.557944,4.2678,4.2715
2025-04-07 00:01:22.079674,4.2682,4.2719
2025-04-07 00:01:23.552333,4.2683,4.272
2025-04-07 00:01:24.764073,4.2679,4.2716
2025-04-07 00:01:25.728360,4.2681,4.2718
2025-04-07 00:01:26.357484,4.2678,4.2715
2025-04-07 00:01:27.720384,4.2679,4.2716
2025-04-07 00:01:29.835211,4.268,4.2717
2025-04-07 00:01:30.310070,4.2679,4.2716
2025-04-07 00:01:31.722672,4.2681,4.2718
2025-04-07 00:01:33.941798,4.2679,4.2716
2025-04-07 00:01:36.198513,4.268,4.2717
2025-04-07 00:01:37.336908,4.2679,4.2716
2025-04-07 00:01:42.253966,4.268,4.2717
2025-04-07 00:01:44.094069,4.2681,4.2718
2025-04-07 00:01:46.646709,4.2679,4.2716
2025-04-07 00:01:49.387117,4.2678,4.2715
2025-04-07 00:01:49.809537,4.268,4.2717
2025-04-07 00:01:53.357690,4.2682,4.2719
2025-04-07 00:01:55.423307,4.2679,4.2716
2025-04-07 00:01:56.418017,4.268,4.2717
2025-04-07 00:01:57.202887,4.2679,4.2716
2025-04-07 00:01:59.110969,4.268,4.2717
2025-04-07 00:02:05.336640,4.2678,4.2715
2025-04-07 00:02:06.777384,4.2681,4.2718
2025-04-07 00:02:11.781795,4.2679,4.2716
2025-04-07 00:02:15.020583,4.268,4.2717
2025-04-07 00:02:16.569174,4.2682,4.2719
2025-04-07 00:02:18.622302,4.2679,4.2716
2025-04-07 00:02:20.176309,4.268,4.2717
2025-04-07 00:02:21.443527,4.2679,4.2716
2025-04-07 00:02:22.197982,4.2681,4.2718
2025-04-07 00:02:23.294065,4.2679,4.2716
2025-04-07 00:02:24.735473,4.2678,4.2715
2025-04-07 00:02:26.093912,4.2682,4.2719
2025-04-07 00:02:26.989632,4.2679,4.2716
2025-04-07 00:02:27.402727,4.268,4.2717
2025-04-07 00:02:28.483084,4.2678,4.2715
2025-04-07 00:02:29.828485,4.2679,4.2716
2025-04-07 00:02:30.791270,4.268,4.2717
2025-04-07 00:02:31.540338,4.2681,4.2718
2025-04-07 00:02:33.805940,4.268,4.2717
2025-04-07 00:02:36.665343,4.2681,4.2718
2025-04-07 00:02:40.783632,4.2683,4.272
2025-04-07 00:02:43.221657,4.2685,4.2722
2025-04-07 00:02:43.923131,4.2681,4.2718
2025-04-07 00:02:45.251113,4.2683,4.272
2025-04-07 00:02:47.610639,4.2679,4.2716
2025-04-07 00:02:51.323223,4.2683,4.272
2025-04-07 00:02:52.910473,4.2677,4.2714
2025-04-07 00:02:54.044926,4.2683,4.272
2025-04-07 00:02:55.373712,4.268,4.2717
2025-04-07 00:02:56.041869,4.2678,4.2715
2025-04-07 00:02:57.068185,4.2684,4.2721
2025-04-07 00:02:57.551838,4.2683,4.272
2025-04-07 00:02:58.196402,4.2681,4.2718
2025-04-07 00:03:05.386302,4.2679,4.2716
2025-04-07 00:03:06.004491,4.268,4.2717
2025-04-07 00:03:07.245026,4.2683,4.272
2025-04-07 00:03:08.251904,4.2681,4.2718
2025-04-07 00:03:09.047252,4.2677,4.2714
2025-04-07 00:03:10.554081,4.2682,4.2719
2025-04-07 00:03:12.048410,4.2679,4.2716
2025-04-07 00:03:13.282710,4.2683,4.272
2025-04-07 00:03:14.587023,4.2681,4.2718
2025-04-07 00:03:15.765580,4.2679,4.2716
2025-04-07 00:03:16.859454,4.2683,4.272
2025-04-07 00:03:17.178763,4.2685,4.2722
2025-04-07 00:03:17.998640,4.2682,4.2719
2025-04-07 00:03:23.052354,4.2681,4.2718
2025-04-07 00:03:23.914266,4.2682,4.2719
2025-04-07 00:03:25.748381,4.2679,4.2716
2025-04-07 00:03:26.367695,4.2681,4.2718
2025-04-07 00:03:27.557574,4.2682,4.2719
2025-04-07 00:03:28.260379,4.2685,4.2722
2025-04-07 00:03:33.422402,4.2683,4.272
2025-04-07 00:03:35.560769,4.2685,4.2722
2025-04-07 00:03:50.421154,4.2684,4.2721
2025-04-07 00:03:52.984244,4.2685,4.2722
2025-04-07 00:04:00.484173,4.2683,4.272
2025-04-07 00:04:04.188234,4.2682,4.2719
2025-04-07 00:04:08.424035,4.2683,4.272
2025-04-07 00:04:10.960250,4.2685,4.2722
2025-04-07 00:04:19.482697,4.2684,4.2721
2025-04-07 00:04:21.258180,4.2681,4.2718
2025-04-07 00:04:21.892871,4.268,4.2717
2025-04-07 00:04:30.443914,4.2681,4.2718
2025-04-07 00:04:34.727389,4.2684,4.2721
2025-04-07 00:04:37.777838,4.2682,4.2719
2025-04-07 00:04:45.584880,4.2684,4.2721
2025-04-07 00:04:49.682145,4.2685,4.2722
2025-04-07 00:04:50.927394,4.2688,4.2725
2025-04-07 00:04:51.646733,4.2695,4.2732
2025-04-07 00:04:52.578460,4.2696,4.2733
2025-04-07 00:04:53.743273,4.2698,4.2735
2025-04-07 00:04:56.667803,4.2696,4.2733
2025-04-07 00:04:59.557393,4.2698,4.2735
2025-04-07 00:05:03.152833,4.2697,4.2734
2025-04-07 00:05:03.809140,4.2699,4.2736
2025-04-07 00:05:04.894466,4.2696,4.2733
2025-04-07 00:05:06.311114,4.2698,4.2735
2025-04-07 00:05:09.146943,4.27,4.2737
2025-04-07 00:05:09.831854,4.2699,4.2736
2025-04-07 00:05:10.919130,4.27,4.2737
2025-04-07 00:05:11.724263,4.2697,4.2734
2025-04-07 00:05:12.631727,4.27,4.2737
2025-04-07 00:05:13.513611,4.2697,4.2734
2025-04-07 00:05:14.561182,4.2699,4.2736
2025-04-07 00:05:15.566223,4.27,4.2737
2025-04-07 00:05:16.154214,4.2696,4.2733
2025-04-07 00:05:17.327703,4.2697,4.2734
2025-04-07 00:05:17.932668,4.2699,4.2736
2025-04-07 00:05:20.016630,4.2695,4.2732
2025-04-07 00:05:21.724608,4.27,4.2737
2025-04-07 00:05:24.682457,4.2698,4.2735
2025-04-07 00:05:26.192655,4.27,4.2737
2025-04-07 00:05:26.918713,4.2701,4.2738
2025-04-07 00:05:28.251722,4.27,4.2737
2025-04-07 00:05:28.942605,4.2701,4.2738
2025-04-07 00:05:30.013425,4.27,4.2737
2025-04-07 00:05:30.933224,4.2698,4.2735
2025-04-07 00:05:33.297689,4.2703,4.274
2025-04-07 00:05:33.908540,4.2698,4.2735
2025-04-07 00:05:34.541948,4.27,4.2737
2025-04-07 00:05:36.363571,4.2701,4.2738
2025-04-07 00:05:37.098763,4.27,4.2737
2025-04-07 00:05:38.169140,4.2702,4.2739
2025-04-07 00:05:38.871686,4.27,4.2737
2025-04-07 00:05:39.759947,4.2701,4.2738
2025-04-07 00:05:41.978117,4.2702,4.2739
2025-04-07 00:05:43.205688,4.2701,4.2738
2025-04-07 00:05:44.675714,4.2699,4.2736
2025-04-07 00:05:45.796991,4.2704,4.2741
2025-04-07 00:05:46.900645,4.2699,4.2736
2025-04-07 00:05:47.521218,4.2703,4.274
2025-04-07 00:05:49.236443,4.27,4.2737
2025-04-07 00:05:49.717939,4.2696,4.2733
2025-04-07 00:05:50.657890,4.2698,4.2735
2025-04-07 00:05:52.252286,4.2696,4.2733
2025-04-07 00:05:53.367580,4.2698,4.2735
2025-04-07 00:05:54.000063,4.2699,4.2736
2025-04-07 00:05:54.867441,4.2694,4.2731
2025-04-07 00:05:56.312499,4.2698,4.2735
2025-04-07 00:05:57.010288,4.2695,4.2732
2025-04-07 00:05:59.232410,4.2697,4.2734
2025-04-07 00:06:00.420610,4.2695,4.2732
2025-04-07 00:06:01.213015,4.2699,4.2736
2025-04-07 00:06:01.891283,4.2698,4.2735
2025-04-07 00:06:02.496900,4.2695,4.2732
2025-04-07 00:06:03.481049,4.2698,4.2735
2025-04-07 00:06:03.711150,4.2696,4.2733
2025-04-07 00:06:04.128879,4.2698,4.2735
2025-04-07 00:06:04.820610,4.2699,4.2736
2025-04-07 00:06:06.929797,4.2697,4.2734
2025-04-07 00:06:08.047772,4.2698,4.2735
2025-04-07 00:06:09.886643,4.2699,4.2736
2025-04-07 00:06:10.812708,4.2697,4.2734
2025-04-07 00:06:11.633994,4.2699,4.2736
2025-04-07 00:06:12.472354,4.27,4.2737
2025-04-07 00:06:13.395743,4.2698,4.2735
2025-04-07 00:06:15.397811,4.27,4.2737
2025-04-07 00:06:16.146797,4.2698,4.2735
2025-04-07 00:06:16.728268,4.2696,4.2733
2025-04-07 00:06:17.394180,4.2698,4.2735
2025-04-07 00:06:19.076910,4.2697,4.2734
2025-04-07 00:06:20.827799,4.2695,4.2732
2025-04-07 00:06:21.623237,4.27,4.2737
2025-04-07 00:06:22.374947,4.2695,4.2732
2025-04-07 00:06:23.788374,4.27,4.2737
2025-04-07 00:06:24.810544,4.2698,4.2735
2025-04-07 00:06:25.285346,4.2697,4.2734
2025-04-07 00:06:25.759056,4.2695,4.2732
2025-04-07 00:06:28.675088,4.2697,4.2734
2025-04-07 00:06:29.894825,4.2698,4.2735
2025-04-07 00:06:30.442564,4.27,4.2737
2025-04-07 00:06:31.814268,4.2701,4.2738
2025-04-07 00:06:32.441492,4.2697,4.2734
2025-04-07 00:06:34.157980,4.2699,4.2736
2025-04-07 00:06:35.051547,4.2697,4.2734
2025-04-07 00:06:35.854048,4.2701,4.2738
2025-04-07 00:06:38.075942,4.2696,4.2733
2025-04-07 00:06:39.349750,4.2695,4.2732
2025-04-07 00:06:40.343233,4.2697,4.2734
2025-04-07 00:06:40.652960,4.27,4.2737
2025-04-07 00:06:41.408860,4.2698,4.2735
2025-04-07 00:06:41.870909,4.2697,4.2734
2025-04-07 00:06:43.143373,4.27,4.2737
2025-04-07 00:06:44.076733,4.2698,4.2735
2025-04-07 00:06:44.780249,4.2697,4.2734
2025-04-07 00:06:45.826189,4.2699,4.2736
2025-04-07 00:06:48.336268,4.27,4.2737
2025-04-07 00:06:49.041217,4.2699,4.2736
2025-04-07 00:06:49.582451,4.27,4.2737
2025-04-07 00:06:50.053433,4.2698,4.2735
2025-04-07 00:06:50.514763,4.2697,4.2734
2025-04-07 00:06:52.039078,4.2699,4.2736
2025-04-07 00:06:53.040997,4.2698,4.2735
2025-04-07 00:06:53.759856,4.2699,4.2736
2025-04-07 00:06:54.134198,4.2697,4.2734
2025-04-07 00:06:54.728690,4.2695,4.2732
2025-04-07 00:06:55.978108,4.2697,4.2734
2025-04-07 00:06:57.658766,4.2698,4.2735
2025-04-07 00:06:58.432585,4.2696,4.2733
2025-04-07 00:06:59.840683,4.2699,4.2736
2025-04-07 00:07:00.418397,4.2702,4.2739
2025-04-07 00:07:02.042362,4.2697,4.2734
2025-04-07 00:07:03.077896,4.2701,4.2738
2025-04-07 00:07:04.031673,4.27,4.2737
2025-04-07 00:07:05.963798,4.2701,4.2738
2025-04-07 00:07:08.741066,4.27,4.2737
2025-04-07 00:07:10.651695,4.2701,4.2738
2025-04-07 00:07:12.593145,4.2703,4.274
2025-04-07 00:07:13.491005,4.2698,4.2735
2025-04-07 00:07:14.132499,4.2701,4.2738
2025-04-07 00:07:15.006913,4.2697,4.2734
2025-04-07 00:07:16.158419,4.27,4.2737
2025-04-07 00:07:17.197729,4.2702,4.2739
2025-04-07 00:07:18.034683,4.27,4.2737
2025-04-07 00:07:18.382975,4.2698,4.2735
2025-04-07 00:07:19.112569,4.27,4.2737
2025-04-07 00:07:20.114882,4.2699,4.2736
2025-04-07 00:07:21.728264,4.27,4.2737
2025-04-07 00:07:22.618851,4.2702,4.2739
2025-04-07 00:07:23.894256,4.2698,4.2735
2025-04-07 00:07:25.144678,4.27,4.2737
2025-04-07 00:07:27.141584,4.2697,4.2734
2025-04-07 00:07:28.096376,4.2698,4.2735
2025-04-07 00:07:28.591867,4.2699,4.2736
2025-04-07 00:07:29.851013,4.27,4.2737
2025-04-07 00:07:30.377789,4.2697,4.2734
2025-04-07 00:07:31.536972,4.2701,4.2738
2025-04-07 00:07:33.963733,4.2698,4.2735
2025-04-07 00:07:35.038530,4.2699,4.2736
2025-04-07 00:07:38.371395,4.2697,4.2734
2025-04-07 00:07:39.089160,4.27,4.2737
2025-04-07 00:07:40.955616,4.2696,4.2733
2025-04-07 00:07:41.559026,4.2694,4.2731
2025-04-07 00:07:43.163140,4.2698,4.2735
2025-04-07 00:07:45.857181,4.2699,4.2736
2025-04-07 00:07:48.264258,4.2698,4.2735
2025-04-07 00:07:50.874880,4.27,4.2737
2025-04-07 00:07:52.143323,4.2701,4.2738
2025-04-07 00:07:52.828916,4.2699,4.2736
2025-04-07 00:07:53.511449,4.27,4.2737
2025-04-07 00:07:55.293046,4.2697,4.2734
2025-04-07 00:07:56.213567,4.27,4.2737
2025-04-07 00:07:59.560271,4.2698,4.2735
2025-04-07 00:08:00.503924,4.2696,4.2733
2025-04-07 00:08:01.564751,4.2698,4.2735
2025-04-07 00:08:02.594101,4.2696,4.2733
2025-04-07 00:08:05.445846,4.2698,4.2735
2025-04-07 00:08:09.665611,4.2697,4.2734
2025-04-07 00:08:10.340536,4.2698,4.2735
2025-04-07 00:08:11.270595,4.2699,4.2736
2025-04-07 00:08:11.807859,4.2696,4.2733
2025-04-07 00:08:12.965264,4.2698,4.2735
2025-04-07 00:08:13.684006,4.2697,4.2734
2025-04-07 00:08:14.783378,4.2695,4.2732
2025-04-07 00:08:16.784182,4.2697,4.2734
2025-04-07 00:08:19.102936,4.2698,4.2735
2025-04-07 00:08:19.606565,4.2695,4.2732
2025-04-07 00:08:21.386131,4.2698,4.2735
2025-04-07 00:08:21.876997,4.2699,4.2736
2025-04-07 00:08:22.755447,4.2697,4.2734
2025-04-07 00:08:25.194692,4.2701,4.2738
2025-04-07 00:08:25.826709,4.2695,4.2732
2025-04-07 00:08:27.717205,4.2698,4.2735
2025-04-07 00:08:31.864974,4.2695,4.2732
2025-04-07 00:08:33.518362,4.2697,4.2734
2025-04-07 00:08:36.342532,4.2698,4.2735
2025-04-07 00:08:37.564223,4.2696,4.2733
2025-04-07 00:08:39.276063,4.27,4.2737
2025-04-07 00:08:44.476087,4.2703,4.274
2025-04-07 00:08:45.485747,4.2698,4.2735
2025-04-07 00:08:45.929335,4.2697,4.2734
2025-04-07 00:08:46.582175,4.2699,4.2736
2025-04-07 00:08:48.162207,4.2696,4.2733
2025-04-07 00:08:49.271781,4.2698,4.2735
2025-04-07 00:08:51.389313,4.27,4.2737
2025-04-07 00:08:52.496358,4.2699,4.2736
2025-04-07 00:08:53.496914,4.2697,4.2734
2025-04-07 00:08:54.411009,4.27,4.2737
2025-04-07 00:08:55.224021,4.2698,4.2735
2025-04-07 00:08:57.586839,4.2697,4.2734
2025-04-07 00:08:58.347585,4.2698,4.2735
2025-04-07 00:09:00.540152,4.2694,4.2731
2025-04-07 00:09:02.614170,4.2697,4.2734
2025-04-07 00:09:03.843478,4.2696,4.2733
2025-04-07 00:09:05.767336,4.2694,4.2731
2025-04-07 00:09:08.734154,4.2697,4.2734
2025-04-07 00:09:11.154812,4.2695,4.2732
2025-04-07 00:09:13.004980,4.2698,4.2735
2025-04-07 00:09:13.915129,4.27,4.2737
2025-04-07 00:09:14.554748,4.2699,4.2736
2025-04-07 00:09:16.651436,4.2698,4.2735
2025-04-07 00:09:17.432637,4.27,4.2737
2025-04-07 00:09:18.453157,4.2699,4.2736
2025-04-07 00:09:21.093213,4.2701,4.2738
2025-04-07 00:09:22.087641,4.27,4.2737
2025-04-07 00:09:23.178229,4.2698,4.2735
2025-04-07 00:09:24.345229,4.2695,4.2732
2025-04-07 00:09:29.271160,4.27,4.2737
2025-04-07 00:09:30.733876,4.2694,4.2731
2025-04-07 00:09:32.119054,4.2697,4.2734
2025-04-07 00:09:32.821888,4.2694,4.2731
2025-04-07 00:09:33.633325,4.2697,4.2734
2025-04-07 00:09:34.857893,4.2694,4.2731
2025-04-07 00:09:36.323052,4.2699,4.2736
2025-04-07 00:09:39.508694,4.2696,4.2733
2025-04-07 00:09:40.137092,4.2698,4.2735
2025-04-07 00:09:40.410079,4.2697,4.2734
2025-04-07 00:09:42.034181,4.2695,4.2732
2025-04-07 00:09:44.133013,4.2694,4.2731
2025-04-07 00:09:44.633487,4.2697,4.2734
2025-04-07 00:09:45.465495,4.2693,4.273
2025-04-07 00:09:46.348135,4.2695,4.2732
2025-04-07 00:09:47.752663,4.2696,4.2733
2025-04-07 00:09:48.817346,4.2697,4.2734
2025-04-07 00:09:49.344305,4.27,4.2737
2025-04-07 00:09:49.888521,4.2698,4.2735
2025-04-07 00:09:50.643146,4.2696,4.2733
2025-04-07 00:09:51.556535,4.2699,4.2736
2025-04-07 00:09:55.499463,4.27,4.2737
2025-04-07 00:09:56.862117,4.2698,4.2735
2025-04-07 00:09:58.055317,4.2697,4.2734
2025-04-07 00:09:59.602107,4.2701,4.2738
2025-04-07 00:10:00.925173,4.2697,4.2734
2025-04-07 00:10:01.758399,4.2698,4.2735
2025-04-07 00:10:03.744391,4.27,4.2737
2025-04-07 00:10:04.479527,4.2701,4.2738
2025-04-07 00:10:05.682528,4.27,4.2737
2025-04-07 00:10:06.877400,4.2697,4.2734
2025-04-07 00:10:07.561372,4.2695,4.2732
2025-04-07 00:10:07.977313,4.2696,4.2733
2025-04-07 00:10:08.921699,4.2697,4.2734
2025-04-07 00:10:09.795521,4.2702,4.2739
2025-04-07 00:10:10.399737,4.2704,4.2741
2025-04-07 00:10:10.792891,4.2699,4.2736
2025-04-07 00:10:11.375151,4.2701,4.2738
2025-04-07 00:10:14.582515,4.2702,4.2739
2025-04-07 00:10:15.969068,4.27,4.2737
2025-04-07 00:10:18.618772,4.2697,4.2734
2025-04-07 00:10:20.122353,4.2699,4.2736
2025-04-07 00:10:22.087927,4.2702,4.2739
2025-04-07 00:10:27.641907,4.2697,4.2734
2025-04-07 00:10:28.298402,4.27,4.2737
2025-04-07 00:10:32.782558,4.2702,4.2739
2025-04-07 00:10:33.628028,4.2701,4.2738
2025-04-07 00:10:34.422894,4.2702,4.2739
2025-04-07 00:10:34.920973,4.2696,4.2733
2025-04-07 00:10:36.147224,4.2698,4.2735
2025-04-07 00:10:37.540741,4.27,4.2737
2025-04-07 00:10:38.424376,4.2699,4.2736
2025-04-07 00:10:39.087412,4.2697,4.2734
2025-04-07 00:10:39.984711,4.2699,4.2736
2025-04-07 00:10:42.121482,4.2698,4.2735
2025-04-07 00:10:43.751666,4.2701,4.2738
2025-04-07 00:10:46.029403,4.2699,4.2736
2025-04-07 00:10:46.857083,4.2702,4.2739
2025-04-07 00:10:47.867464,4.27,4.2737
2025-04-07 00:10:48.710207,4.2701,4.2738
2025-04-07 00:10:49.418965,4.2698,4.2735
2025-04-07 00:10:50.918995,4.2702,4.2739
2025-04-07 00:10:52.192319,4.27,4.2737
2025-04-07 00:10:53.100207,4.2701,4.2738
2025-04-07 00:10:55.429443,4.2703,4.274
2025-04-07 00:10:55.660680,4.27,4.2737
2025-04-07 00:10:59.580569,4.2698,4.2735
2025-04-07 00:11:02.145983,4.27,4.2737
2025-04-07 00:11:02.595316,4.2698,4.2735
2025-04-07 00:11:04.177963,4.2699,4.2736
2025-04-07 00:11:05.261179,4.2705,4.2742
2025-04-07 00:11:08.021803,4.2704,4.2741
2025-04-07 00:11:08.311116,4.2703,4.274
2025-04-07 00:11:09.160844,4.2701,4.2738
2025-04-07 00:11:09.680164,4.2706,4.2743
2025-04-07 00:11:10.647334,4.2708,4.2745
2025-04-07 00:11:12.067372,4.2707,4.2744
2025-04-07 00:11:12.521168,4.2708,4.2745
2025-04-07 00:11:13.272001,4.271,4.2747
2025-04-07 00:11:14.440404,4.2708,4.2745
2025-04-07 00:11:15.154108,4.2709,4.2746
2025-04-07 00:11:15.749589,4.2707,4.2744
2025-04-07 00:11:16.391557,4.2705,4.2742
2025-04-07 00:11:16.932210,4.2704,4.2741
2025-04-07 00:11:17.540355,4.2706,4.2743
2025-04-07 00:11:17.815492,4.2704,4.2741
2025-04-07 00:11:18.461276,4.2705,4.2742
2025-04-07 00:11:18.924498,4.2707,4.2744
2025-04-07 00:11:19.593139,4.2706,4.2743
2025-04-07 00:11:20.656728,4.2708,4.2745
2025-04-07 00:11:20.891163,4.2711,4.2748
2025-04-07 00:11:21.815875,4.2712,4.2749
2025-04-07 00:11:23.453257,4.2711,4.2748
2025-04-07 00:11:25.009306,4.271,4.2747
2025-04-07 00:11:26.864445,4.2712,4.2749
2025-04-07 00:11:27.479082,4.271,4.2747
2025-04-07 00:11:28.096082,4.2707,4.2744
2025-04-07 00:11:28.785257,4.2706,4.2743
2025-04-07 00:11:33.319233,4.2707,4.2744
2025-04-07 00:11:34.623422,4.2703,4.274
2025-04-07 00:11:35.887039,4.2704,4.2741
2025-04-07 00:11:36.876282,4.2705,4.2742
2025-04-07 00:11:40.899971,4.2704,4.2741
2025-04-07 00:11:41.606353,4.2705,4.2742
2025-04-07 00:11:42.557155,4.2706,4.2743
2025-04-07 00:11:43.979330,4.2708,4.2745
2025-04-07 00:11:44.656298,4.2706,4.2743
2025-04-07 00:11:45.150877,4.2707,4.2744
2025-04-07 00:11:46.046302,4.2705,4.2742
2025-04-07 00:11:46.414995,4.2707,4.2744
2025-04-07 00:11:47.190520,4.2706,4.2743
2025-04-07 00:11:48.291891,4.2707,4.2744
2025-04-07 00:11:48.803484,4.2706,4.2743
2025-04-07 00:11:49.870149,4.2708,4.2745
2025-04-07 00:11:51.226644,4.271,4.2747
2025-04-07 00:11:52.359294,4.2709,4.2746
2025-04-07 00:11:53.289533,4.2707,4.2744
2025-04-07 00:11:54.270450,4.2706,4.2743
2025-04-07 00:11:55.623148,4.2704,4.2741
2025-04-07 00:11:56.205126,4.2707,4.2744
2025-04-07 00:11:56.946698,4.2708,4.2745
2025-04-07 00:11:57.414167,4.2707,4.2744
2025-04-07 00:11:57.983987,4.2706,4.2743
2025-04-07 00:11:58.846687,4.271,4.2747
2025-04-07 00:11:59.006852,4.2709,4.2746
2025-04-07 00:12:00.816141,4.2707,4.2744
2025-04-07 00:12:01.358024,4.2709,4.2746
2025-04-07 00:12:07.043123,4.2706,4.2743
2025-04-07 00:12:07.190777,4.2707,4.2744
2025-04-07 00:12:08.260729,4.2708,4.2745
2025-04-07 00:12:09.103426,4.2705,4.2742
2025-04-07 00:12:09.401444,4.2708,4.2745
2025-04-07 00:12:10.604324,4.2707,4.2744
2025-04-07 00:12:10.936047,4.2705,4.2742
2025-04-07 00:12:11.937924,4.2708,4.2745
2025-04-07 00:12:12.435382,4.2707,4.2744
2025-04-07 00:12:13.470225,4.2708,4.2745
2025-04-07 00:12:13.977226,4.271,4.2747
2025-04-07 00:12:15.254745,4.2709,4.2746
2025-04-07 00:12:15.626798,4.2707,4.2744
2025-04-07 00:12:16.357717,4.2709,4.2746
2025-04-07 00:12:16.872318,4.2706,4.2743
2025-04-07 00:12:17.556646,4.271,4.2747
2025-04-07 00:12:18.528080,4.2709,4.2746
2025-04-07 00:12:19.430836,4.2708,4.2745
2025-04-07 00:12:20.322297,4.271,4.2747
2025-04-07 00:12:20.907443,4.2709,4.2746
2025-04-07 00:12:22.005877,4.271,4.2747
2025-04-07 00:12:23.592580,4.2709,4.2746
2025-04-07 00:12:23.996778,4.2707,4.2744
2025-04-07 00:12:24.546830,4.2708,4.2745
2025-04-07 00:12:25.574346,4.2709,4.2746
2025-04-07 00:12:26.809154,4.271,4.2747
2025-04-07 00:12:27.387054,4.2708,4.2745
2025-04-07 00:12:28.189929,4.2709,4.2746
2025-04-07 00:12:29.016323,4.2708,4.2745
2025-04-07 00:12:29.341540,4.271,4.2747
2025-04-07 00:12:29.802960,4.2708,4.2745
2025-04-07 00:12:31.105765,4.2711,4.2748
2025-04-07 00:12:31.612663,4.2709,4.2746
2025-04-07 00:12:31.972189,4.2706,4.2743
2025-04-07 00:12:32.606191,4.2709,4.2746
2025-04-07 00:12:33.752303,4.2707,4.2744
2025-04-07 00:12:34.496082,4.2706,4.2743
2025-04-07 00:12:34.654433,4.2707,4.2744
2025-04-07 00:12:35.144172,4.2708,4.2745
2025-04-07 00:12:36.819628,4.271,4.2747
2025-04-07 00:12:38.752369,4.2708,4.2745
2025-04-07 00:12:39.776768,4.271,4.2747
2025-04-07 00:12:40.574291,4.2709,4.2746
2025-04-07 00:12:42.035157,4.2712,4.2749
2025-04-07 00:12:42.914901,4.2711,4.2748
2025-04-07 00:12:43.540842,4.2709,4.2746
2025-04-07 00:12:45.850579,4.271,4.2747
2025-04-07 00:12:47.101566,4.2709,4.2746
2025-04-07 00:12:47.805780,4.271,4.2747
2025-04-07 00:12:50.931050,4.2708,4.2745
2025-04-07 00:12:51.547540,4.271,4.2747
2025-04-07 00:12:52.140568,4.2709,4.2746
2025-04-07 00:12:53.184647,4.271,4.2747
2025-04-07 00:12:53.788692,4.2708,4.2745
2025-04-07 00:12:54.291224,4.2711,4.2748
2025-04-07 00:12:54.826608,4.2709,4.2746
2025-04-07 00:12:55.439219,4.271,4.2747
2025-04-07 00:12:55.927809,4.2706,4.2743
2025-04-07 00:12:56.748567,4.271,4.2747
2025-04-07 00:12:57.006116,4.2711,4.2748
2025-04-07 00:12:57.706181,4.2709,4.2746
2025-04-07 00:12:58.929311,4.271,4.2747
2025-04-07 00:12:59.661106,4.2708,4.2745
2025-04-07 00:13:00.133512,4.2709,4.2746
2025-04-07 00:13:01.027352,4.2711,4.2748
2025-04-07 00:13:01.683517,4.2708,4.2745
2025-04-07 00:13:02.170460,4.271,4.2747
2025-04-07 00:13:03.685852,4.2709,4.2746
2025-04-07 00:13:04.395469,4.2707,4.2744
2025-04-07 00:13:05.434253,4.2709,4.2746
2025-04-07 00:13:05.935620,4.2707,4.2744
2025-04-07 00:13:07.476776,4.2708,4.2745
2025-04-07 00:13:08.706263,4.2709,4.2746
2025-04-07 00:13:09.125034,4.2711,4.2748
2025-04-07 00:13:09.991056,4.2709,4.2746
2025-04-07 00:13:11.579793,4.2708,4.2745
2025-04-07 00:13:13.655404,4.2707,4.2744
2025-04-07 00:13:14.087301,4.2706,4.2743
2025-04-07 00:13:14.664292,4.2709,4.2746
2025-04-07 00:13:15.627016,4.271,4.2747
2025-04-07 00:13:16.278240,4.2709,4.2746
2025-04-07 00:13:16.959328,4.2707,4.2744
2025-04-07 00:13:17.473864,4.2708,4.2745
2025-04-07 00:13:17.958638,4.2707,4.2744
2025-04-07 00:13:19.279847,4.2709,4.2746
2025-04-07 00:13:20.291320,4.271,4.2747
2025-04-07 00:13:21.142836,4.2708,4.2745
2025-04-07 00:13:21.593869,4.2706,4.2743
2025-04-07 00:13:22.450116,4.2705,4.2742
2025-04-07 00:13:23.364422,4.2708,4.2745
2025-04-07 00:13:24.049234,4.2707,4.2744
2025-04-07 00:13:25.095406,4.2706,4.2743
2025-04-07 00:13:25.411173,4.2707,4.2744
2025-04-07 00:13:26.120730,4.2706,4.2743
2025-04-07 00:13:26.837707,4.2707,4.2744
2025-04-07 00:13:27.611243,4.2706,4.2743
2025-04-07 00:13:28.026187,4.2705,4.2742
2025-04-07 00:13:28.727706,4.2707,4.2744
2025-04-07 00:13:30.219730,4.2709,4.2746
2025-04-07 00:13:30.557827,4.2707,4.2744
2025-04-07 00:13:31.063287,4.271,4.2747
2025-04-07 00:13:31.970117,4.2708,4.2745
2025-04-07 00:13:32.274072,4.2706,4.2743
2025-04-07 00:13:32.972395,4.2708,4.2745
2025-04-07 00:13:33.964164,4.2706,4.2743
2025-04-07 00:13:34.778392,4.2705,4.2742
2025-04-07 00:13:36.158970,4.2706,4.2743
2025-04-07 00:13:37.877395,4.2708,4.2745
2025-04-07 00:13:38.413609,4.271,4.2747
2025-04-07 00:13:38.794048,4.2709,4.2746
2025-04-07 00:13:39.585765,4.2708,4.2745
2025-04-07 00:13:41.403396,4.2709,4.2746
2025-04-07 00:13:42.256793,4.2711,4.2748
2025-04-07 00:13:43.397057,4.2707,4.2744
2025-04-07 00:13:43.812836,4.2708,4.2745
2025-04-07 00:13:44.148297,4.2709,4.2746
2025-04-07 00:13:45.056063,4.271,4.2747
2025-04-07 00:13:46.361654,4.2709,4.2746
2025-04-07 00:13:46.870799,4.2708,4.2745
2025-04-07 00:13:47.577672,4.2709,4.2746
2025-04-07 00:13:48.125568,4.2711,4.2748
2025-04-07 00:13:48.643828,4.2709,4.2746
2025-04-07 00:13:49.475793,4.271,4.2747
2025-04-07 00:13:49.889178,4.2708,4.2745
2025-04-07 00:13:50.595616,4.2707,4.2744
2025-04-07 00:13:51.426984,4.2708,4.2745
2025-04-07 00:13:51.909237,4.2709,4.2746
2025-04-07 00:13:52.576332,4.2708,4.2745
2025-04-07 00:13:53.080668,4.2709,4.2746
2025-04-07 00:13:53.745241,4.2706,4.2743
2025-04-07 00:13:54.644508,4.2709,4.2746
2025-04-07 00:13:55.543210,4.2707,4.2744
2025-04-07 00:13:56.692150,4.2709,4.2746
2025-04-07 00:13:57.078710,4.2708,4.2745
2025-04-07 00:13:57.662211,4.2709,4.2746
2025-04-07 00:13:59.208963,4.2707,4.2744
2025-04-07 00:14:00.079494,4.2709,4.2746
2025-04-07 00:14:00.805959,4.2708,4.2745
2025-04-07 00:14:01.564791,4.2709,4.2746
2025-04-07 00:14:02.841943,4.2707,4.2744
2025-04-07 00:14:03.347111,4.2709,4.2746
2025-04-07 00:14:05.148203,4.2708,4.2745
2025-04-07 00:14:05.893226,4.271,4.2747
2025-04-07 00:14:06.423406,4.2709,4.2746
2025-04-07 00:14:08.641698,4.271,4.2747
2025-04-07 00:14:09.143562,4.2709,4.2746
2025-04-07 00:14:10.084755,4.2707,4.2744
2025-04-07 00:14:10.543127,4.2708,4.2745
2025-04-07 00:14:12.064963,4.2705,4.2742
2025-04-07 00:14:13.074524,4.2706,4.2743
2025-04-07 00:14:13.576970,4.2705,4.2742
2025-04-07 00:14:14.312148,4.2707,4.2744
2025-04-07 00:14:14.589090,4.2705,4.2742
2025-04-07 00:14:15.278910,4.2704,4.2741
2025-04-07 00:14:15.709818,4.2707,4.2744
2025-04-07 00:14:16.408402,4.2704,4.2741
2025-04-07 00:14:16.944843,4.2708,4.2745
2025-04-07 00:14:17.578739,4.2707,4.2744
2025-04-07 00:14:18.079444,4.2705,4.2742
2025-04-07 00:14:18.587871,4.271,4.2747
2025-04-07 00:14:19.342992,4.2711,4.2748
2025-04-07 00:14:20.064287,4.2712,4.2749
2025-04-07 00:14:20.515521,4.2711,4.2748
2025-04-07 00:14:20.726169,4.271,4.2747
2025-04-07 00:14:21.521540,4.2707,4.2744
2025-04-07 00:14:21.993523,4.2709,4.2746
2025-04-07 00:14:23.452991,4.271,4.2747
2025-04-07 00:14:23.946663,4.2711,4.2748
2025-04-07 00:14:24.870333,4.271,4.2747
2025-04-07 00:14:25.440290,4.2707,4.2744
2025-04-07 00:14:25.972269,4.2709,4.2746
2025-04-07 00:14:26.561492,4.271,4.2747
2025-04-07 00:14:27.029008,4.2708,4.2745
2025-04-07 00:14:27.711220,4.2709,4.2746
2025-04-07 00:14:28.204867,4.2713,4.275
2025-04-07 00:14:28.639857,4.2708,4.2745
2025-04-07 00:14:29.736986,4.2709,4.2746
2025-04-07 00:14:30.090995,4.2712,4.2749
2025-04-07 00:14:30.820050,4.2708,4.2745
2025-04-07 00:14:31.356063,4.2711,4.2748
2025-04-07 00:14:31.793397,4.2712,4.2749
2025-04-07 00:14:32.594510,4.2711,4.2748
2025-04-07 00:14:33.051729,4.2713,4.275
2025-04-07 00:14:33.547393,4.2711,4.2748
2025-04-07 00:14:34.294968,4.2714,4.2751
2025-04-07 00:14:34.802841,4.2711,4.2748
2025-04-07 00:14:35.718476,4.2712,4.2749
2025-04-07 00:14:36.211900,4.2709,4.2746
2025-04-07 00:14:37.325386,4.271,4.2747
2025-04-07 00:14:37.674655,4.2711,4.2748
2025-04-07 00:14:38.413876,4.2712,4.2749
2025-04-07 00:14:38.662301,4.271,4.2747
2025-04-07 00:14:39.311092,4.2712,4.2749
2025-04-07 00:14:39.907978,4.2709,4.2746
2025-04-07 00:14:40.644266,4.2711,4.2748
2025-04-07 00:14:41.608344,4.2713,4.275
2025-04-07 00:14:42.248614,4.2711,4.2748
2025-04-07 00:14:42.961417,4.2713,4.275
2025-04-07 00:14:43.451713,4.2712,4.2749
2025-04-07 00:14:43.869543,4.2714,4.2751
2025-04-07 00:14:44.461981,4.2713,4.275
2025-04-07 00:14:45.120066,4.2714,4.2751
2025-04-07 00:14:45.631248,4.2711,4.2748
2025-04-07 00:14:46.629210,4.271,4.2747
2025-04-07 00:14:47.215288,4.2713,4.275
2025-04-07 00:14:47.667454,4.2711,4.2748
2025-04-07 00:14:48.865245,4.2712,4.2749
2025-04-07 00:14:49.369951,4.2713,4.275
2025-04-07 00:14:50.163596,4.2712,4.2749
2025-04-07 00:14:51.328567,4.2713,4.275
2025-04-07 00:14:52.396861,4.2714,4.2751
2025-04-07 00:14:53.200101,4.2713,4.275
2025-04-07 00:14:53.638028,4.2711,4.2748
2025-04-07 00:14:53.990065,4.2709,4.2746
2025-04-07 00:14:54.615100,4.2711,4.2748
2025-04-07 00:14:55.341444,4.2712,4.2749
2025-04-07 00:14:56.995570,4.2713,4.275
2025-04-07 00:14:57.305819,4.271,4.2747
2025-04-07 00:14:57.816915,4.2713,4.275
2025-04-07 00:14:58.372062,4.2711,4.2748
2025-04-07 00:14:59.295468,4.2712,4.2749
2025-04-07 00:15:01.058757,4.2711,4.2748
2025-04-07 00:15:01.895373,4.2714,4.2751
2025-04-07 00:15:02.710692,4.2711,4.2748
2025-04-07 00:15:03.116178,4.2715,4.2752
2025-04-07 00:15:04.091944,4.2711,4.2748
2025-04-07 00:15:04.251208,4.2712,4.2749
2025-04-07 00:15:04.796431,4.2713,4.275
2025-04-07 00:15:05.556530,4.2711,4.2748
2025-04-07 00:15:06.513906,4.2712,4.2749
2025-04-07 00:15:07.220687,4.271,4.2747
2025-04-07 00:15:07.768762,4.2711,4.2748
2025-04-07 00:15:08.288497,4.2713,4.275
2025-04-07 00:15:09.417703,4.2712,4.2749
2025-04-07 00:15:10.948704,4.2709,4.2746
2025-04-07 00:15:11.715786,4.2708,4.2745
2025-04-07 00:15:12.219681,4.2709,4.2746
2025-04-07 00:15:12.861976,4.2712,4.2749
2025-04-07 00:15:13.250285,4.271,4.2747
2025-04-07 00:15:14.815666,4.2709,4.2746
2025-04-07 00:15:15.353132,4.2711,4.2748
2025-04-07 00:15:16.265561,4.2713,4.275
2025-04-07 00:15:16.709312,4.2714,4.2751
2025-04-07 00:15:17.276226,4.2712,4.2749
2025-04-07 00:15:18.171416,4.2708,4.2745
2025-04-07 00:15:18.440821,4.271,4.2747
2025-04-07 00:15:19.062035,4.2709,4.2746
2025-04-07 00:15:20.447970,4.2711,4.2748
2025-04-07 00:15:22.056989,4.271,4.2747
2025-04-07 00:15:23.054408,4.2711,4.2748
2025-04-07 00:15:23.498332,4.2709,4.2746
2025-04-07 00:15:23.995078,4.271,4.2747
2025-04-07 00:15:24.438268,4.2712,4.2749
2025-04-07 00:15:25.227883,4.2709,4.2746
2025-04-07 00:15:25.637830,4.2711,4.2748
2025-04-07 00:15:26.885777,4.2713,4.275
2025-04-07 00:15:27.582226,4.2711,4.2748
2025-04-07 00:15:28.130598,4.2712,4.2749
2025-04-07 00:15:28.626364,4.2713,4.275
2025-04-07 00:15:29.100611,4.2711,4.2748
2025-04-07 00:15:29.407123,4.271,4.2747
2025-04-07 00:15:30.508313,4.2709,4.2746
2025-04-07 00:15:31.223685,4.2708,4.2745
2025-04-07 00:15:31.709899,4.271,4.2747
2025-04-07 00:15:32.411897,4.2711,4.2748
2025-04-07 00:15:32.911891,4.2709,4.2746
2025-04-07 00:15:33.436197,4.2711,4.2748
2025-04-07 00:15:34.904343,4.2712,4.2749
2025-04-07 00:15:35.556086,4.2709,4.2746
2025-04-07 00:15:36.146973,4.271,4.2747
2025-04-07 00:15:36.782581,4.2712,4.2749
2025-04-07 00:15:37.311458,4.2711,4.2748
2025-04-07 00:15:37.716039,4.271,4.2747
2025-04-07 00:15:38.380359,4.2709,4.2746
2025-04-07 00:15:38.900092,4.2711,4.2748
2025-04-07 00:15:39.242659,4.271,4.2747
2025-04-07 00:15:40.349545,4.2711,4.2748
2025-04-07 00:15:41.460926,4.2709,4.2746
2025-04-07 00:15:42.124557,4.2712,4.2749
2025-04-07 00:15:42.657217,4.2711,4.2748
2025-04-07 00:15:43.154713,4.2713,4.275
2025-04-07 00:15:43.946959,4.271,4.2747
2025-04-07 00:15:44.543751,4.2711,4.2748
2025-04-07 00:15:45.255522,4.2713,4.275
2025-04-07 00:15:45.729838,4.2714,4.2751
2025-04-07 00:15:47.157997,4.2712,4.2749
2025-04-07 00:15:49.079897,4.2714,4.2751
2025-04-07 00:15:49.539110,4.2713,4.275
2025-04-07 00:15:50.039879,4.2711,4.2748
2025-04-07 00:15:50.855707,4.2714,4.2751
2025-04-07 00:15:51.368194,4.2712,4.2749
2025-04-07 00:15:51.932703,4.2713,4.275
2025-04-07 00:15:53.279415,4.2714,4.2751
2025-04-07 00:15:53.853261,4.2711,4.2748
2025-04-07 00:15:54.384447,4.2715,4.2752
2025-04-07 00:15:55.136319,4.2713,4.275
2025-04-07 00:15:56.248165,4.2714,4.2751
2025-04-07 00:15:57.659804,4.2713,4.275
2025-04-07 00:15:58.346038,4.2715,4.2752
2025-04-07 00:15:59.695677,4.2716,4.2753
2025-04-07 00:16:00.153761,4.2713,4.275
2025-04-07 00:16:01.670920,4.2715,4.2752
2025-04-07 00:16:02.220219,4.2716,4.2753
2025-04-07 00:16:03.964507,4.2717,4.2754
2025-04-07 00:16:04.696146,4.2713,4.275
2025-04-07 00:16:05.173639,4.2711,4.2748
2025-04-07 00:16:05.681197,4.2714,4.2751
2025-04-07 00:16:06.661569,4.2715,4.2752
2025-04-07 00:16:07.009953,4.2711,4.2748
2025-04-07 00:16:07.781575,4.2713,4.275
2025-04-07 00:16:08.303356,4.2712,4.2749
2025-04-07 00:16:09.146902,4.2714,4.2751
2025-04-07 00:16:09.650151,4.2712,4.2749
2025-04-07 00:16:10.994517,4.2711,4.2748
2025-04-07 00:16:13.113387,4.2713,4.275
2025-04-07 00:16:13.736506,4.2711,4.2748
2025-04-07 00:16:15.117135,4.2709,4.2746
2025-04-07 00:16:15.513246,4.2711,4.2748
2025-04-07 00:16:16.005085,4.2714,4.2751
2025-04-07 00:16:16.425010,4.2711,4.2748
2025-04-07 00:16:17.956528,4.2712,4.2749
2025-04-07 00:16:18.548587,4.271,4.2747
2025-04-07 00:16:19.392646,4.2711,4.2748
2025-04-07 00:16:20.177104,4.2709,4.2746
2025-04-07 00:16:20.662182,4.2711,4.2748
2025-04-07 00:16:21.626937,4.2713,4.275
2025-04-07 00:16:22.068229,4.271,4.2747
2025-04-07 00:16:22.817511,4.2712,4.2749
2025-04-07 00:16:23.063869,4.2709,4.2746
2025-04-07 00:16:23.784042,4.271,4.2747
2025-04-07 00:16:24.100671,4.2711,4.2748
2025-04-07 00:16:24.658500,4.2713,4.275
2025-04-07 00:16:26.394886,4.2711,4.2748
2025-04-07 00:16:26.955589,4.2714,4.2751
2025-04-07 00:16:27.488855,4.2712,4.2749
2025-04-07 00:16:28.440959,4.2714,4.2751
2025-04-07 00:16:29.545462,4.2711,4.2748
2025-04-07 00:16:29.926542,4.2712,4.2749
2025-04-07 00:16:30.423861,4.2711,4.2748
2025-04-07 00:16:31.564840,4.271,4.2747
2025-04-07 00:16:33.186841,4.2713,4.275
2025-04-07 00:16:33.867097,4.271,4.2747
2025-04-07 00:16:34.792857,4.2709,4.2746
2025-04-07 00:16:36.080963,4.2711,4.2748
2025-04-07 00:16:36.696643,4.2712,4.2749
2025-04-07 00:16:37.408640,4.2711,4.2748
2025-04-07 00:16:37.894611,4.2713,4.275
2025-04-07 00:16:38.645597,4.2711,4.2748
2025-04-07 00:16:40.152658,4.271,4.2747
2025-04-07 00:16:40.933963,4.2709,4.2746
2025-04-07 00:16:41.322315,4.2713,4.275
2025-04-07 00:16:43.674205,4.2712,4.2749
2025-04-07 00:16:44.656806,4.271,4.2747
2025-04-07 00:16:45.335688,4.2711,4.2748
2025-04-07 00:16:45.579065,4.2714,4.2751
2025-04-07 00:16:46.443033,4.2713,4.275
2025-04-07 00:16:46.789574,4.2716,4.2753
2025-04-07 00:16:47.348266,4.2713,4.275
2025-04-07 00:16:48.478064,4.2711,4.2748
2025-04-07 00:16:49.103403,4.2713,4.275
2025-04-07 00:16:49.659369,4.271,4.2747
2025-04-07 00:16:50.358826,4.2712,4.2749
2025-04-07 00:16:51.132389,4.2711,4.2748
2025-04-07 00:16:51.704108,4.271,4.2747
2025-04-07 00:16:52.488219,4.2712,4.2749
2025-04-07 00:16:53.112463,4.271,4.2747
2025-04-07 00:16:53.827142,4.2712,4.2749
2025-04-07 00:16:54.321875,4.2711,4.2748
2025-04-07 00:16:56.420682,4.271,4.2747
2025-04-07 00:16:56.863102,4.2708,4.2745
2025-04-07 00:16:58.532996,4.2711,4.2748
2025-04-07 00:16:59.345216,4.2712,4.2749
2025-04-07 00:16:59.844811,4.2713,4.275
2025-04-07 00:17:00.885512,4.2711,4.2748
2025-04-07 00:17:01.236735,4.271,4.2747
2025-04-07 00:17:01.724610,4.2709,4.2746
2025-04-07 00:17:02.647100,4.2712,4.2749
2025-04-07 00:17:03.192030,4.2713,4.275
2025-04-07 00:17:03.665737,4.2712,4.2749
2025-04-07 00:17:04.628316,4.2711,4.2748
2025-04-07 00:17:05.546255,4.271,4.2747
2025-04-07 00:17:06.243528,4.2709,4.2746
2025-04-07 00:17:08.555245,4.271,4.2747
2025-04-07 00:17:09.950344,4.2711,4.2748
2025-04-07 00:17:11.141839,4.271,4.2747
2025-04-07 00:17:12.988557,4.2709,4.2746
2025-04-07 00:17:13.531661,4.2708,4.2745
2025-04-07 00:17:14.147290,4.271,4.2747
2025-04-07 00:17:14.659612,4.2712,4.2749
2025-04-07 00:17:15.568368,4.2711,4.2748
2025-04-07 00:17:16.005932,4.2712,4.2749
2025-04-07 00:17:18.073983,4.2711,4.2748
2025-04-07 00:17:19.055430,4.2709,4.2746
2025-04-07 00:17:20.545508,4.2712,4.2749
2025-04-07 00:17:20.806560,4.2713,4.275
2025-04-07 00:17:21.311975,4.2712,4.2749
2025-04-07 00:17:22.055708,4.2713,4.275
2025-04-07 00:17:22.558237,4.2712,4.2749
2025-04-07 00:17:23.131937,4.2711,4.2748
2025-04-07 00:17:24.865784,4.2712,4.2749
2025-04-07 00:17:25.307429,4.2711,4.2748
2025-04-07 00:17:26.077293,4.271,4.2747
2025-04-07 00:17:26.553623,4.2713,4.275
2025-04-07 00:17:27.394905,4.2711,4.2748
2025-04-07 00:17:27.974535,4.2713,4.275
2025-04-07 00:17:28.501303,4.2711,4.2748
2025-04-07 00:17:30.107258,4.2712,4.2749
2025-04-07 00:17:30.898618,4.2711,4.2748
2025-04-07 00:17:31.152451,4.2712,4.2749
2025-04-07 00:17:31.931868,4.2711,4.2748
2025-04-07 00:17:32.909600,4.2712,4.2749
2025-04-07 00:17:33.451857,4.2711,4.2748
2025-04-07 00:17:34.087729,4.2712,4.2749
2025-04-07 00:17:34.584254,4.2711,4.2748
2025-04-07 00:17:35.051075,4.2713,4.275
2025-04-07 00:17:35.548504,4.2714,4.2751
2025-04-07 00:17:36.040585,4.2712,4.2749
2025-04-07 00:17:37.647488,4.2711,4.2748
2025-04-07 00:17:37.859880,4.2712,4.2749
2025-04-07 00:17:38.801292,4.2714,4.2751
2025-04-07 00:17:39.458393,4.2713,4.275
2025-04-07 00:17:40.289861,4.2714,4.2751
2025-04-07 00:17:40.739876,4.2713,4.275
2025-04-07 00:17:41.230488,4.2712,4.2749
2025-04-07 00:17:41.737503,4.271,4.2747
2025-04-07 00:17:42.528526,4.2713,4.275
2025-04-07 00:17:43.020522,4.2711,4.2748
2025-04-07 00:17:43.704000,4.2713,4.275
2025-04-07 00:17:44.727665,4.2712,4.2749
2025-04-07 00:17:45.255681,4.2713,4.275
2025-04-07 00:17:46.407765,4.2709,4.2746
2025-04-07 00:17:47.114466,4.2711,4.2748
2025-04-07 00:17:49.366074,4.2712,4.2749
2025-04-07 00:17:50.894081,4.2711,4.2748
2025-04-07 00:17:51.902774,4.2712,4.2749
2025-04-07 00:17:52.410199,4.2711,4.2748
2025-04-07 00:17:53.065891,4.2712,4.2749
2025-04-07 00:17:54.409307,4.2711,4.2748
2025-04-07 00:17:54.898595,4.2712,4.2749
2025-04-07 00:17:55.394527,4.2713,4.275
2025-04-07 00:17:55.789383,4.2712,4.2749
2025-04-07 00:17:56.489168,4.2713,4.275
2025-04-07 00:17:57.000944,4.2714,4.2751
2025-04-07 00:17:57.502768,4.2711,4.2748
2025-04-07 00:17:58.043464,4.2712,4.2749
2025-04-07 00:17:58.808336,4.2713,4.275
2025-04-07 00:17:59.150717,4.271,4.2747
2025-04-07 00:17:59.589839,4.2711,4.2748
2025-04-07 00:18:00.186178,4.2712,4.2749
2025-04-07 00:18:01.588014,4.2711,4.2748
2025-04-07 00:18:02.996810,4.2712,4.2749
2025-04-07 00:18:04.121988,4.2711,4.2748
2025-04-07 00:18:04.541957,4.2713,4.275
2025-04-07 00:18:05.697930,4.2712,4.2749
2025-04-07 00:18:07.360328,4.2713,4.275
2025-04-07 00:18:08.088361,4.2712,4.2749
2025-04-07 00:18:08.271564,4.2714,4.2751
2025-04-07 00:18:09.192089,4.2713,4.275
2025-04-07 00:18:09.683926,4.2712,4.2749
2025-04-07 00:18:10.522195,4.2713,4.275
2025-04-07 00:18:11.220648,4.2715,4.2752
2025-04-07 00:18:11.800652,4.2711,4.2748
2025-04-07 00:18:12.137017,4.2713,4.275
2025-04-07 00:18:13.581143,4.2714,4.2751
2025-04-07 00:18:13.856246,4.2712,4.2749
2025-04-07 00:18:14.407555,4.2714,4.2751
2025-04-07 00:18:15.800276,4.2711,4.2748
2025-04-07 00:18:16.622507,4.2713,4.275
2025-04-07 00:18:17.416504,4.2712,4.2749
2025-04-07 00:18:18.392840,4.2713,4.275
2025-04-07 00:18:18.944272,4.2712,4.2749
2025-04-07 00:18:19.377543,4.2714,4.2751
2025-04-07 00:18:20.157513,4.2713,4.275
2025-04-07 00:18:20.908743,4.2712,4.2749
2025-04-07 00:18:22.241757,4.2714,4.2751
2025-04-07 00:18:23.114724,4.2711,4.2748
2025-04-07 00:18:23.976882,4.2713,4.275
2025-04-07 00:18:24.484184,4.2712,4.2749
2025-04-07 00:18:25.161594,4.2713,4.275
2025-04-07 00:18:26.042919,4.2712,4.2749
2025-04-07 00:18:26.881092,4.2713,4.275
2025-04-07 00:18:27.404421,4.2715,4.2752
2025-04-07 00:18:27.855920,4.2712,4.2749
2025-04-07 00:18:28.335870,4.2713,4.275
2025-04-07 00:18:29.327047,4.2714,4.2751
2025-04-07 00:18:30.185789,4.2712,4.2749
2025-04-07 00:18:30.685316,4.2713,4.275
2025-04-07 00:18:32.005782,4.2709,4.2746
2025-04-07 00:18:32.263906,4.2711,4.2748
2025-04-07 00:18:32.985875,4.271,4.2747
2025-04-07 00:18:33.550987,4.2709,4.2746
2025-04-07 00:18:34.874854,4.2711,4.2748
2025-04-07 00:18:36.634378,4.271,4.2747
2025-04-07 00:18:37.528968,4.2711,4.2748
2025-04-07 00:18:39.048049,4.271,4.2747
2025-04-07 00:18:39.753805,4.2709,4.2746
2025-04-07 00:18:40.738110,4.2711,4.2748
2025-04-07 00:18:42.060846,4.2709,4.2746
2025-04-07 00:18:44.470781,4.2711,4.2748
2025-04-07 00:18:46.560307,4.271,4.2747
2025-04-07 00:18:47.109473,4.2711,4.2748
2025-04-07 00:18:48.092555,4.2712,4.2749
2025-04-07 00:18:48.417856,4.271,4.2747
2025-04-07 00:18:49.096623,4.2711,4.2748
2025-04-07 00:18:49.615401,4.271,4.2747
2025-04-07 00:18:50.236653,4.2711,4.2748
2025-04-07 00:18:51.506092,4.271,4.2747
2025-04-07 00:18:54.544848,4.2712,4.2749
2025-04-07 00:18:57.901547,4.271,4.2747
2025-04-07 00:18:58.931895,4.2708,4.2745
2025-04-07 00:18:59.384431,4.2711,4.2748
2025-04-07 00:18:59.798941,4.2712,4.2749
2025-04-07 00:19:01.106625,4.2709,4.2746
2025-04-07 00:19:01.935650,4.271,4.2747
2025-04-07 00:19:02.639757,4.2709,4.2746
2025-04-07 00:19:03.783897,4.2712,4.2749
2025-04-07 00:19:04.600788,4.2711,4.2748
2025-04-07 00:19:05.018795,4.271,4.2747
2025-04-07 00:19:05.963403,4.2712,4.2749
2025-04-07 00:19:06.444930,4.271,4.2747
2025-04-07 00:19:08.099442,4.2708,4.2745
2025-04-07 00:19:08.934802,4.271,4.2747
2025-04-07 00:19:09.154691,4.2709,4.2746
2025-04-07 00:19:11.389544,4.2708,4.2745
2025-04-07 00:19:11.662446,4.271,4.2747
2025-04-07 00:19:12.429193,4.2711,4.2748
2025-04-07 00:19:14.398489,4.271,4.2747
2025-04-07 00:19:18.411216,4.2709,4.2746
2025-04-07 00:19:22.556444,4.271,4.2747
2025-04-07 00:19:23.060872,4.2711,4.2748
2025-04-07 00:19:23.968743,4.271,4.2747
2025-04-07 00:19:24.858896,4.2711,4.2748
2025-04-07 00:19:25.087221,4.2709,4.2746
2025-04-07 00:19:26.075122,4.2711,4.2748
2025-04-07 00:19:29.369973,4.271,4.2747
2025-04-07 00:19:29.836841,4.2709,4.2746
2025-04-07 00:19:30.637515,4.2711,4.2748
2025-04-07 00:19:32.045711,4.271,4.2747
2025-04-07 00:19:32.598695,4.2708,4.2745
2025-04-07 00:19:33.240747,4.2709,4.2746
2025-04-07 00:19:34.300646,4.271,4.2747
2025-04-07 00:19:35.028976,4.2709,4.2746
2025-04-07 00:19:35.807657,4.2711,4.2748
2025-04-07 00:19:36.427248,4.271,4.2747
2025-04-07 00:19:37.028300,4.2709,4.2746
2025-04-07 00:19:37.799936,4.2708,4.2745
2025-04-07 00:19:38.054948,4.2709,4.2746
2025-04-07 00:19:38.788367,4.271,4.2747
2025-04-07 00:19:39.382782,4.2711,4.2748
2025-04-07 00:19:39.657403,4.2709,4.2746
2025-04-07 00:19:41.135325,4.271,4.2747
2025-04-07 00:19:41.781888,4.2709,4.2746
2025-04-07 00:19:42.139059,4.271,4.2747
2025-04-07 00:19:42.657500,4.2711,4.2748
2025-04-07 00:19:43.469610,4.2713,4.275
2025-04-07 00:19:45.650157,4.2712,4.2749
2025-04-07 00:19:45.953203,4.2714,4.2751
2025-04-07 00:19:46.890486,4.2712,4.2749
2025-04-07 00:19:47.469053,4.2714,4.2751
2025-04-07 00:19:47.958471,4.2712,4.2749
2025-04-07 00:19:48.287040,4.2711,4.2748
2025-04-07 00:19:48.884539,4.2715,4.2752
2025-04-07 00:19:49.312047,4.2713,4.275
2025-04-07 00:19:50.136108,4.2711,4.2748
2025-04-07 00:19:50.356474,4.2715,4.2752
2025-04-07 00:19:51.847159,4.2712,4.2749
2025-04-07 00:19:52.807695,4.2715,4.2752
2025-04-07 00:19:53.444535,4.2712,4.2749
2025-04-07 00:19:53.859289,4.2716,4.2753
2025-04-07 00:19:55.014370,4.2714,4.2751
2025-04-07 00:19:55.786217,4.2716,4.2753
2025-04-07 00:19:56.384375,4.2713,4.275
2025-04-07 00:19:56.873963,4.2714,4.2751
2025-04-07 00:19:57.443225,4.2715,4.2752
2025-04-07 00:19:57.954648,4.2711,4.2748
2025-04-07 00:19:58.793529,4.2713,4.275
2025-04-07 00:20:00.208442,4.2715,4.2752
2025-04-07 00:20:00.506370,4.2718,4.2755
2025-04-07 00:20:01.246041,4.2717,4.2754
2025-04-07 00:20:01.895499,4.2713,4.275
2025-04-07 00:20:02.507679,4.2714,4.2751
2025-04-07 00:20:06.289264,4.2713,4.275
2025-04-07 00:20:06.559775,4.2716,4.2753
2025-04-07 00:20:07.795182,4.2713,4.275
2025-04-07 00:20:08.664568,4.2715,4.2752
2025-04-07 00:20:08.878017,4.2716,4.2753
2025-04-07 00:20:09.643023,4.2717,4.2754
2025-04-07 00:20:10.327996,4.2714,4.2751
2025-04-07 00:20:10.851483,4.2716,4.2753
2025-04-07 00:20:12.271540,4.2714,4.2751
2025-04-07 00:20:12.722755,4.2712,4.2749
2025-04-07 00:20:13.485202,4.2714,4.2751
2025-04-07 00:20:13.955171,4.2715,4.2752
2025-04-07 00:20:14.520635,4.2714,4.2751
2025-04-07 00:20:15.583613,4.2713,4.275
2025-04-07 00:20:16.237511,4.2712,4.2749
2025-04-07 00:20:16.859389,4.2713,4.275
2025-04-07 00:20:18.776682,4.2711,4.2748
2025-04-07 00:20:19.344809,4.2715,4.2752
2025-04-07 00:20:19.846516,4.2711,4.2748
2025-04-07 00:20:20.288953,4.2715,4.2752
2025-04-07 00:20:21.061159,4.2713,4.275
2025-04-07 00:20:21.523460,4.2714,4.2751
2025-04-07 00:20:23.492734,4.2713,4.275
2025-04-07 00:20:24.897929,4.2712,4.2749
2025-04-07 00:20:26.730882,4.2714,4.2751
2025-04-07 00:20:28.124968,4.2715,4.2752
2025-04-07 00:20:29.433435,4.2714,4.2751
2025-04-07 00:20:30.854969,4.2713,4.275
2025-04-07 00:20:32.171856,4.2714,4.2751
2025-04-07 00:20:34.224453,4.2712,4.2749
2025-04-07 00:20:35.905605,4.2713,4.275
2025-04-07 00:20:36.688592,4.2714,4.2751
2025-04-07 00:20:37.371981,4.2715,4.2752
2025-04-07 00:20:37.807114,4.2713,4.275
2025-04-07 00:20:39.953411,4.2714,4.2751
2025-04-07 00:20:42.055935,4.2715,4.2752
2025-04-07 00:20:42.768279,4.2714,4.2751
2025-04-07 00:20:44.310368,4.2713,4.275
2025-04-07 00:20:45.893380,4.2717,4.2754
2025-04-07 00:20:47.657731,4.2716,4.2753
2025-04-07 00:20:51.368013,4.2717,4.2754
2025-04-07 00:20:51.859597,4.2716,4.2753
2025-04-07 00:20:53.397430,4.2717,4.2754
2025-04-07 00:20:53.737644,4.2714,4.2751
2025-04-07 00:20:54.453072,4.2717,4.2754
2025-04-07 00:20:54.977413,4.2715,4.2752
2025-04-07 00:20:55.807005,4.2718,4.2755
2025-04-07 00:20:56.419724,4.2717,4.2754
2025-04-07 00:20:57.926764,4.2718,4.2755
2025-04-07 00:20:58.802625,4.2714,4.2751
2025-04-07 00:20:59.115253,4.2716,4.2753
2025-04-07 00:21:00.489740,4.2717,4.2754
2025-04-07 00:21:04.136483,4.2718,4.2755
2025-04-07 00:21:04.840127,4.2716,4.2753
2025-04-07 00:21:04.955961,4.2715,4.2752
2025-04-07 00:21:05.299112,4.2714,4.2751
2025-04-07 00:21:07.036939,4.2713,4.275
2025-04-07 00:21:07.913574,4.2715,4.2752
2025-04-07 00:21:10.148762,4.2713,4.275
2025-04-07 00:21:10.839898,4.2716,4.2753
2025-04-07 00:21:11.527836,4.271,4.2747
2025-04-07 00:21:11.904522,4.2714,4.2751
2025-04-07 00:21:12.882700,4.2715,4.2752
2025-04-07 00:21:13.696341,4.2714,4.2751
2025-04-07 00:21:13.831486,4.2712,4.2749
2025-04-07 00:21:15.401338,4.2711,4.2748
2025-04-07 00:21:15.825750,4.2712,4.2749
2025-04-07 00:21:16.547254,4.2711,4.2748
2025-04-07 00:21:17.452883,4.271,4.2747
2025-04-07 00:21:20.555694,4.2709,4.2746
2025-04-07 00:21:21.100972,4.271,4.2747
2025-04-07 00:21:22.148259,4.2711,4.2748
2025-04-07 00:21:25.241981,4.2712,4.2749
2025-04-07 00:21:30.706658,4.271,4.2747
2025-04-07 00:21:31.804244,4.2711,4.2748
2025-04-07 00:21:32.603161,4.271,4.2747
2025-04-07 00:21:35.049134,4.2709,4.2746
2025-04-07 00:21:38.610064,4.271,4.2747
2025-04-07 00:21:41.249987,4.2709,4.2746
2025-04-07 00:21:43.972872,4.2707,4.2744
2025-04-07 00:21:44.474986,4.2708,4.2745
2025-04-07 00:21:44.650225,4.2709,4.2746
2025-04-07 00:21:45.035187,4.2706,4.2743
2025-04-07 00:21:45.352939,4.2708,4.2745
2025-04-07 00:21:46.153403,4.2707,4.2744
2025-04-07 00:21:46.595668,4.2708,4.2745
2025-04-07 00:21:48.837158,4.2709,4.2746
2025-04-07 00:21:49.065129,4.2707,4.2744
2025-04-07 00:21:49.563853,4.2709,4.2746
2025-04-07 00:21:51.673743,4.2706,4.2743
2025-04-07 00:21:51.786451,4.2707,4.2744
2025-04-07 00:21:52.339625,4.2709,4.2746
2025-04-07 00:21:52.701707,4.2708,4.2745
2025-04-07 00:21:53.982357,4.2706,4.2743
2025-04-07 00:21:55.361055,4.2707,4.2744
2025-04-07 00:21:55.736684,4.2706,4.2743
2025-04-07 00:21:56.362886,4.2708,4.2745
2025-04-07 00:21:57.552888,4.2707,4.2744
2025-04-07 00:21:57.999757,4.2704,4.2741
2025-04-07 00:21:58.588670,4.2705,4.2742
2025-04-07 00:21:59.407497,4.2709,4.2746
2025-04-07 00:21:59.663825,4.2705,4.2742
2025-04-07 00:22:00.523526,4.2709,4.2746
2025-04-07 00:22:01.027854,4.2706,4.2743
2025-04-07 00:22:01.562601,4.2707,4.2744
2025-04-07 00:22:02.062176,4.2709,4.2746
2025-04-07 00:22:04.560101,4.271,4.2747
2025-04-07 00:22:06.006876,4.2708,4.2745
2025-04-07 00:22:07.078463,4.2707,4.2744
2025-04-07 00:22:07.575470,4.2708,4.2745
2025-04-07 00:22:08.089361,4.2709,4.2746
2025-04-07 00:22:08.292588,4.2708,4.2745
2025-04-07 00:22:08.754698,4.2709,4.2746
2025-04-07 00:22:08.798739,4.2707,4.2744
2025-04-07 00:22:09.219686,4.2708,4.2745
2025-04-07 00:22:11.961534,4.2709,4.2746
2025-04-07 00:22:12.196671,4.2707,4.2744
2025-04-07 00:22:12.687510,4.2706,4.2743
2025-04-07 00:22:13.199268,4.2709,4.2746
2025-04-07 00:22:13.428149,4.2707,4.2744
2025-04-07 00:22:13.915271,4.2709,4.2746
2025-04-07 00:22:14.237804,4.271,4.2747
2025-04-07 00:22:14.317600,4.2708,4.2745
2025-04-07 00:22:14.942642,4.2709,4.2746
2025-04-07 00:22:15.466876,4.2708,4.2745
2025-04-07 00:22:15.915604,4.2709,4.2746
2025-04-07 00:22:16.500331,4.271,4.2747
2025-04-07 00:22:18.256576,4.2709,4.2746
2025-04-07 00:22:19.415767,4.2708,4.2745
2025-04-07 00:22:20.240564,4.2709,4.2746
2025-04-07 00:22:22.851880,4.2711,4.2748
2025-04-07 00:22:23.437305,4.2709,4.2746
2025-04-07 00:22:26.764321,4.2708,4.2745
2025-04-07 00:22:27.261260,4.2709,4.2746
2025-04-07 00:22:27.360686,4.2708,4.2745
2025-04-07 00:22:29.128354,4.2709,4.2746
2025-04-07 00:22:29.425548,4.271,4.2747
2025-04-07 00:22:30.057803,4.2707,4.2744
2025-04-07 00:22:31.519330,4.2711,4.2748
2025-04-07 00:22:33.305194,4.271,4.2747
2025-04-07 00:22:34.402737,4.2712,4.2749
2025-04-07 00:22:34.917849,4.2713,4.275
2025-04-07 00:22:36.269663,4.2712,4.2749
2025-04-07 00:22:37.983727,4.2713,4.275
2025-04-07 00:22:38.495946,4.2711,4.2748
2025-04-07 00:22:39.052369,4.2714,4.2751
2025-04-07 00:22:39.713112,4.2715,4.2752
2025-04-07 00:22:40.517929,4.2714,4.2751
2025-04-07 00:22:41.544016,4.2716,4.2753
2025-04-07 00:22:41.710846,4.2714,4.2751
2025-04-07 00:22:42.201944,4.2715,4.2752
2025-04-07 00:22:43.537414,4.2716,4.2753
2025-04-07 00:22:44.278835,4.2713,4.275
2025-04-07 00:22:45.283894,4.2715,4.2752
2025-04-07 00:22:45.575591,4.2714,4.2751
2025-04-07 00:22:46.553659,4.2716,4.2753
2025-04-07 00:22:47.052959,4.2714,4.2751
2025-04-07 00:22:47.606946,4.2715,4.2752
2025-04-07 00:22:48.093925,4.2717,4.2754
2025-04-07 00:22:48.735800,4.2715,4.2752
2025-04-07 00:22:49.848197,4.2716,4.2753
2025-04-07 00:22:53.438370,4.2717,4.2754
2025-04-07 00:22:54.526540,4.2716,4.2753
2025-04-07 00:22:56.111311,4.2714,4.2751
2025-04-07 00:22:57.361490,4.2716,4.2753
2025-04-07 00:22:59.403906,4.2718,4.2755
2025-04-07 00:23:00.113066,4.2711,4.2748
2025-04-07 00:23:01.127699,4.271,4.2747
2025-04-07 00:23:01.684666,4.2711,4.2748
2025-04-07 00:23:02.114661,4.2709,4.2746
2025-04-07 00:23:03.247462,4.2708,4.2745
2025-04-07 00:23:03.617651,4.2709,4.2746
2025-04-07 00:23:04.104358,4.2713,4.275
2025-04-07 00:23:04.431147,4.2708,4.2745
2025-04-07 00:23:05.536599,4.2709,4.2746
2025-04-07 00:23:06.167481,4.2708,4.2745
2025-04-07 00:23:06.908552,4.2709,4.2746
2025-04-07 00:23:07.830170,4.2708,4.2745
2025-04-07 00:23:12.117672,4.2705,4.2742
2025-04-07 00:23:12.642830,4.2706,4.2743
2025-04-07 00:23:20.256999,4.2704,4.2741
2025-04-07 00:23:21.100903,4.2706,4.2743
2025-04-07 00:23:27.648310,4.2705,4.2742
2025-04-07 00:23:28.932009,4.2703,4.274
2025-04-07 00:23:33.591864,4.2706,4.2743
2025-04-07 00:23:36.188459,4.2705,4.2742
2025-04-07 00:23:36.954417,4.2704,4.2741
2025-04-07 00:23:37.345840,4.2702,4.2739
2025-04-07 00:23:37.838897,4.2706,4.2743
2025-04-07 00:23:38.751238,4.2704,4.2741
2025-04-07 00:23:43.848968,4.2705,4.2742
2025-04-07 00:23:44.693569,4.2704,4.2741
2025-04-07 00:23:45.142870,4.2703,4.274
2025-04-07 00:23:49.381496,4.2704,4.2741
2025-04-07 00:23:51.395700,4.2703,4.274
2025-04-07 00:23:53.185395,4.2702,4.2739
2025-04-07 00:23:54.648813,4.2703,4.274
2025-04-07 00:23:55.338994,4.2702,4.2739
2025-04-07 00:23:57.042037,4.2704,4.2741
2025-04-07 00:23:58.457200,4.2706,4.2743
2025-04-07 00:23:59.140173,4.2705,4.2742
2025-04-07 00:23:59.575356,4.2704,4.2741
2025-04-07 00:24:00.891992,4.2705,4.2742
2025-04-07 00:24:02.742446,4.2704,4.2741
2025-04-07 00:24:05.396382,4.2703,4.274
2025-04-07 00:24:06.667222,4.2705,4.2742
2025-04-07 00:24:07.401120,4.2704,4.2741
2025-04-07 00:24:08.398888,4.2707,4.2744
2025-04-07 00:24:08.890190,4.2705,4.2742
2025-04-07 00:24:09.248786,4.2707,4.2744
2025-04-07 00:24:10.162031,4.2704,4.2741
2025-04-07 00:24:10.351919,4.2706,4.2743
2025-04-07 00:24:11.802652,4.2705,4.2742
2025-04-07 00:24:12.226402,4.2707,4.2744
2025-04-07 00:24:12.498660,4.2704,4.2741
2025-04-07 00:24:13.343654,4.2705,4.2742
2025-04-07 00:24:13.755468,4.2703,4.274
2025-04-07 00:24:14.560224,4.2704,4.2741
2025-04-07 00:24:16.645710,4.2706,4.2743
2025-04-07 00:24:17.587243,4.2705,4.2742
2025-04-07 00:24:19.339106,4.2706,4.2743
2025-04-07 00:24:19.691690,4.2708,4.2745
2025-04-07 00:24:20.394536,4.2705,4.2742
2025-04-07 00:24:21.035741,4.2706,4.2743
2025-04-07 00:24:21.998077,4.2707,4.2744
2025-04-07 00:24:22.619086,4.2705,4.2742
2025-04-07 00:24:23.636620,4.2709,4.2746
2025-04-07 00:24:24.133313,4.2706,4.2743
2025-04-07 00:24:24.810712,4.2707,4.2744
2025-04-07 00:24:25.462255,4.2708,4.2745
2025-04-07 00:24:25.928598,4.2706,4.2743
2025-04-07 00:24:26.774437,4.2705,4.2742
2025-04-07 00:24:26.997599,4.2708,4.2745
2025-04-07 00:24:27.649792,4.2706,4.2743
2025-04-07 00:24:28.257868,4.2707,4.2744
2025-04-07 00:24:28.920662,4.2704,4.2741
2025-04-07 00:24:29.926103,4.2706,4.2743
2025-04-07 00:24:30.448046,4.2705,4.2742
2025-04-07 00:24:31.691779,4.2706,4.2743
2025-04-07 00:24:32.270857,4.2707,4.2744
2025-04-07 00:24:33.351009,4.2705,4.2742
2025-04-07 00:24:33.768031,4.2704,4.2741
2025-04-07 00:24:34.373913,4.2706,4.2743
2025-04-07 00:24:34.945135,4.2707,4.2744
2025-04-07 00:24:35.634450,4.2705,4.2742
2025-04-07 00:24:36.054771,4.2707,4.2744
2025-04-07 00:24:37.351535,4.2708,4.2745
2025-04-07 00:24:37.950669,4.2706,4.2743
2025-04-07 00:24:38.599141,4.2707,4.2744
2025-04-07 00:24:39.475772,4.2706,4.2743
2025-04-07 00:24:40.490090,4.2707,4.2744
2025-04-07 00:24:41.981247,4.2705,4.2742
2025-04-07 00:24:42.339402,4.2706,4.2743
2025-04-07 00:24:43.626810,4.2705,4.2742
2025-04-07 00:24:46.674512,4.2707,4.2744
2025-04-07 00:24:47.977117,4.2705,4.2742
2025-04-07 00:24:49.557760,4.2706,4.2743
2025-04-07 00:24:50.240041,4.2707,4.2744
2025-04-07 00:24:50.979543,4.2704,4.2741
2025-04-07 00:24:51.696659,4.2705,4.2742
2025-04-07 00:24:52.862278,4.2704,4.2741
2025-04-07 00:24:53.470678,4.2706,4.2743
2025-04-07 00:24:54.073788,4.2705,4.2742
2025-04-07 00:24:56.769333,4.2708,4.2745
2025-04-07 00:24:57.714176,4.2705,4.2742
2025-04-07 00:24:58.593905,4.2704,4.2741
2025-04-07 00:24:58.874416,4.2703,4.274
2025-04-07 00:24:59.640884,4.2714,4.2731
2025-04-07 00:25:00.100432,4.2716,4.2733
2025-04-07 00:25:00.538880,4.2714,4.2731
2025-04-07 00:25:01.141435,4.2715,4.2732
2025-04-07 00:25:02.283428,4.2714,4.2731
2025-04-07 00:25:04.251067,4.2712,4.2729
2025-04-07 00:25:04.461251,4.2713,4.273
2025-04-07 00:25:06.658914,4.2714,4.2731
2025-04-07 00:25:08.399833,4.2716,4.2733
2025-04-07 00:25:09.109657,4.2712,4.2729
2025-04-07 00:25:09.813585,4.2715,4.2732
2025-04-07 00:25:10.209842,4.2713,4.273
2025-04-07 00:25:11.032884,4.2715,4.2732
2025-04-07 00:25:11.832666,4.2716,4.2733
2025-04-07 00:25:12.097055,4.2715,4.2732
2025-04-07 00:25:13.207124,4.2713,4.273
2025-04-07 00:25:14.487985,4.2714,4.2731
2025-04-07 00:25:15.241193,4.2717,4.2734
2025-04-07 00:25:15.973126,4.2715,4.2732
2025-04-07 00:25:17.350483,4.2713,4.273
2025-04-07 00:25:18.093339,4.2715,4.2732
2025-04-07 00:25:18.915961,4.2714,4.2731
2025-04-07 00:25:19.412383,4.2719,4.2736
2025-04-07 00:25:20.016502,4.2715,4.2732
2025-04-07 00:25:20.802906,4.2716,4.2733
2025-04-07 00:25:22.095911,4.2715,4.2732
2025-04-07 00:25:23.404459,4.2716,4.2733
2025-04-07 00:25:24.288633,4.2717,4.2734
2025-04-07 00:25:24.722836,4.2715,4.2732
2025-04-07 00:25:25.330906,4.2713,4.273
2025-04-07 00:25:26.325360,4.2715,4.2732
2025-04-07 00:25:26.971828,4.2716,4.2733
2025-04-07 00:25:27.392669,4.2714,4.2731
2025-04-07 00:25:28.637442,4.2715,4.2732
2025-04-07 00:25:30.028547,4.2716,4.2733
2025-04-07 00:25:30.535985,4.2715,4.2732
2025-04-07 00:25:31.160446,4.2714,4.2731
2025-04-07 00:25:31.478194,4.2716,4.2733
2025-04-07 00:25:33.089057,4.2719,4.2736
2025-04-07 00:25:33.868564,4.272,4.2737
2025-04-07 00:25:40.063723,4.2721,4.2738
2025-04-07 00:25:41.328498,4.2722,4.2739
2025-04-07 00:25:43.878983,4.2721,4.2738
2025-04-07 00:25:45.563966,4.272,4.2737
2025-04-07 00:25:47.387806,4.2721,4.2738
2025-04-07 00:25:48.586694,4.2722,4.2739
2025-04-07 00:25:50.322667,4.2724,4.2741
2025-04-07 00:25:50.739284,4.2727,4.2744
2025-04-07 00:25:51.264081,4.2724,4.2741
2025-04-07 00:25:51.957418,4.2725,4.2742
2025-04-07 00:25:52.691900,4.2727,4.2744
2025-04-07 00:25:54.721859,4.2729,4.2746
2025-04-07 00:25:55.212515,4.2726,4.2743
2025-04-07 00:26:00.464352,4.2728,4.2745
2025-04-07 00:26:01.735768,4.2727,4.2744
2025-04-07 00:26:02.266849,4.2728,4.2745
2025-04-07 00:26:03.589801,4.2729,4.2746
2025-04-07 00:26:04.681331,4.2728,4.2745
2025-04-07 00:26:05.332657,4.2729,4.2746
2025-04-07 00:26:06.399157,4.2728,4.2745
2025-04-07 00:26:07.938050,4.2729,4.2746
2025-04-07 00:26:09.133876,4.2728,4.2745
2025-04-07 00:26:09.383737,4.2729,4.2746
2025-04-07 00:26:10.897530,4.2727,4.2744
2025-04-07 00:26:12.457682,4.2726,4.2743
2025-04-07 00:26:15.075738,4.2727,4.2744
2025-04-07 00:26:15.692153,4.2725,4.2742
2025-04-07 00:26:17.354208,4.2728,4.2745
2025-04-07 00:26:19.777594,4.2726,4.2743
2025-04-07 00:26:20.287767,4.2725,4.2742
2025-04-07 00:26:26.886329,4.2726,4.2743
2025-04-07 00:26:28.585827,4.2727,4.2744
2025-04-07 00:26:29.527992,4.2726,4.2743
2025-04-07 00:26:30.403812,4.2725,4.2742
2025-04-07 00:26:31.809682,4.2726,4.2743
2025-04-07 00:26:32.055925,4.2725,4.2742
2025-04-07 00:26:32.932409,4.2726,4.2743
2025-04-07 00:26:33.665672,4.2728,4.2745
2025-04-07 00:26:34.670864,4.2727,4.2744
2025-04-07 00:26:35.141358,4.2728,4.2745
2025-04-07 00:26:36.585643,4.2727,4.2744
2025-04-07 00:26:36.913002,4.2728,4.2745
2025-04-07 00:26:37.406760,4.2727,4.2744
2025-04-07 00:26:38.493471,4.2726,4.2743
2025-04-07 00:26:40.222407,4.2725,4.2742
2025-04-07 00:26:40.855953,4.2728,4.2745
2025-04-07 00:26:41.533267,4.2726,4.2743
2025-04-07 00:26:43.820975,4.2727,4.2744
2025-04-07 00:26:44.943407,4.2726,4.2743
2025-04-07 00:26:49.047081,4.2727,4.2744
2025-04-07 00:26:51.511108,4.2725,4.2742
2025-04-07 00:26:52.028938,4.2724,4.2741
2025-04-07 00:26:53.460153,4.2725,4.2742
2025-04-07 00:26:59.673079,4.2727,4.2744
2025-04-07 00:27:00.841094,4.2726,4.2743
2025-04-07 00:27:02.259555,4.2727,4.2744
2025-04-07 00:27:03.186650,4.2726,4.2743
2025-04-07 00:27:04.142566,4.2727,4.2744
2025-04-07 00:27:05.276010,4.2725,4.2742
2025-04-07 00:27:06.284108,4.2728,4.2745
2025-04-07 00:27:06.856276,4.2726,4.2743
2025-04-07 00:27:08.251832,4.2727,4.2744
2025-04-07 00:27:09.149126,4.2725,4.2742
2025-04-07 00:27:10.442950,4.2727,4.2744
2025-04-07 00:27:11.960540,4.2725,4.2742
2025-04-07 00:27:12.645692,4.2726,4.2743
2025-04-07 00:27:13.617338,4.2727,4.2744
2025-04-07 00:27:17.047610,4.2725,4.2742
2025-04-07 00:27:17.848628,4.2724,4.2741
2025-04-07 00:27:20.256889,4.2725,4.2742
2025-04-07 00:27:26.327756,4.2726,4.2743
2025-04-07 00:27:30.932758,4.2727,4.2744
2025-04-07 00:27:31.531188,4.2726,4.2743
2025-04-07 00:27:37.189658,4.2727,4.2744
2025-04-07 00:27:39.756850,4.2726,4.2743
2025-04-07 00:27:51.126005,4.2725,4.2742
2025-04-07 00:27:53.878736,4.2724,4.2741
2025-04-07 00:27:54.634120,4.2727,4.2744
2025-04-07 00:28:06.324940,4.2728,4.2745
2025-04-07 00:28:07.083341,4.2729,4.2746
2025-04-07 00:28:12.181914,4.2728,4.2745
2025-04-07 00:28:14.973726,4.2726,4.2743
2025-04-07 00:28:19.981462,4.2727,4.2744
2025-04-07 00:28:22.167022,4.2728,4.2745
2025-04-07 00:28:22.997111,4.273,4.2747
2025-04-07 00:28:24.122048,4.2728,4.2745
2025-04-07 00:28:29.858582,4.2727,4.2744
2025-04-07 00:28:30.996573,4.2728,4.2745
2025-04-07 00:28:36.733039,4.2727,4.2744
2025-04-07 00:28:36.960331,4.2728,4.2745
2025-04-07 00:28:37.990251,4.2726,4.2743
2025-04-07 00:28:39.933043,4.2728,4.2745
2025-04-07 00:28:51.657162,4.2728,4.2745
2025-04-07 00:28:53.850657,4.2729,4.2746
2025-04-07 00:29:00.341732,4.273,4.2747
2025-04-07 00:29:01.203747,4.2729,4.2746
2025-04-07 00:29:02.538581,4.2727,4.2744
2025-04-07 00:29:03.480687,4.273,4.2747
2025-04-07 00:29:04.272942,4.2727,4.2744
2025-04-07 00:29:04.579454,4.2726,4.2743
2025-04-07 00:29:05.111017,4.2727,4.2744
2025-04-07 00:29:05.709234,4.2729,4.2746
2025-04-07 00:29:06.412694,4.273,4.2747
2025-04-07 00:29:07.101922,4.2728,4.2745
2025-04-07 00:29:07.889765,4.273,4.2747
2025-04-07 00:29:08.889447,4.2728,4.2745
2025-04-07 00:29:10.149759,4.2729,4.2746
2025-04-07 00:29:10.566716,4.2728,4.2745
2025-04-07 00:29:11.820445,4.273,4.2747
2025-04-07 00:29:12.979037,4.2728,4.2745
2025-04-07 00:29:13.481803,4.2729,4.2746
2025-04-07 00:29:14.141138,4.273,4.2747
2025-04-07 00:29:14.889956,4.2729,4.2746
2025-04-07 00:29:15.376056,4.273,4.2747
2025-04-07 00:29:16.402102,4.2729,4.2746
2025-04-07 00:29:17.657998,4.273,4.2747
2025-04-07 00:29:18.987977,4.2728,4.2745
2025-04-07 00:29:20.485063,4.2729,4.2746
2025-04-07 00:29:21.884681,4.273,4.2747
2025-04-07 00:29:22.541658,4.2728,4.2745
2025-04-07 00:29:27.250448,4.273,4.2747
2025-04-07 00:29:29.244687,4.2729,4.2746
2025-04-07 00:29:29.852877,4.273,4.2747
2025-04-07 00:29:30.840452,4.2729,4.2746
2025-04-07 00:29:31.678080,4.273,4.2747
2025-04-07 00:29:32.237144,4.2729,4.2746
2025-04-07 00:29:32.937567,4.2728,4.2745
2025-04-07 00:29:33.604917,4.273,4.2747
2025-04-07 00:29:34.532388,4.2729,4.2746
2025-04-07 00:29:35.553579,4.2728,4.2745
2025-04-07 00:29:36.350760,4.2729,4.2746
2025-04-07 00:29:38.230619,4.2728,4.2745
2025-04-07 00:29:38.659134,4.2729,4.2746
2025-04-07 00:29:40.045310,4.2728,4.2745
2025-04-07 00:29:40.687281,4.2729,4.2746
2025-04-07 00:29:42.549838,4.273,4.2747
2025-04-07 00:29:42.986299,4.2729,4.2746
2025-04-07 00:29:43.731232,4.273,4.2747
2025-04-07 00:29:44.338855,4.2728,4.2745
2025-04-07 00:29:45.058830,4.2727,4.2744
2025-04-07 00:29:45.281236,4.2728,4.2745
2025-04-07 00:29:47.053472,4.2727,4.2744
2025-04-07 00:29:47.337832,4.2729,4.2746
2025-04-07 00:29:49.342570,4.2728,4.2745
2025-04-07 00:29:49.901763,4.273,4.2747
2025-04-07 00:29:51.178568,4.2729,4.2746
2025-04-07 00:29:52.540950,4.273,4.2747
2025-04-07 00:29:53.339493,4.2729,4.2746
2025-04-07 00:29:54.547720,4.2731,4.2748
2025-04-07 00:29:55.364302,4.2729,4.2746
2025-04-07 00:29:56.051511,4.2727,4.2744
2025-04-07 00:29:56.894302,4.2728,4.2745
2025-04-07 00:29:57.577437,4.2729,4.2746
2025-04-07 00:29:58.197634,4.273,4.2747
2025-04-07 00:29:59.918441,4.2727,4.2744
2025-04-07 00:30:00.585296,4.273,4.2747
2025-04-07 00:30:02.732633,4.2731,4.2748
2025-04-07 00:30:03.579497,4.273,4.2747
2025-04-07 00:30:05.287191,4.2729,4.2746
2025-04-07 00:30:10.021226,4.273,4.2747
2025-04-07 00:30:11.866720,4.2729,4.2746
2025-04-07 00:30:12.607868,4.273,4.2747
2025-04-07 00:30:12.832484,4.2728,4.2745
2025-04-07 00:30:14.149881,4.273,4.2747
2025-04-07 00:30:14.983737,4.2728,4.2745
2025-04-07 00:30:15.628961,4.2729,4.2746
2025-04-07 00:30:16.365108,4.2728,4.2745
2025-04-07 00:30:17.018867,4.2729,4.2746
2025-04-07 00:30:17.626240,4.2731,4.2748
2025-04-07 00:30:18.331837,4.2729,4.2746
2025-04-07 00:30:18.850810,4.273,4.2747
2025-04-07 00:30:20.091977,4.2729,4.2746
2025-04-07 00:30:21.202152,4.273,4.2747
2025-04-07 00:30:24.665933,4.2729,4.2746
2025-04-07 00:30:26.398696,4.2728,4.2745
2025-04-07 00:30:27.613056,4.2729,4.2746
2025-04-07 00:30:28.102842,4.273,4.2747
2025-04-07 00:30:29.355796,4.2728,4.2745
2025-04-07 00:30:30.547122,4.2729,4.2746
2025-04-07 00:30:32.342523,4.273,4.2747
2025-04-07 00:30:35.944980,4.2731,4.2748
2025-04-07 00:30:36.646562,4.273,4.2747
2025-04-07 00:30:37.538964,4.2731,4.2748
2025-04-07 00:30:38.591503,4.2729,4.2746
2025-04-07 00:30:38.944821,4.273,4.2747
2025-04-07 00:30:39.509979,4.2729,4.2746
2025-04-07 00:30:40.827572,4.273,4.2747
2025-04-07 00:30:42.360004,4.2732,4.2749
2025-04-07 00:30:43.118302,4.2731,4.2748
2025-04-07 00:30:43.795884,4.273,4.2747
2025-04-07 00:30:46.036882,4.2731,4.2748
2025-04-07 00:30:47.089938,4.2732,4.2749
2025-04-07 00:30:47.650708,4.2733,4.275
2025-04-07 00:30:48.678451,4.2731,4.2748
2025-04-07 00:30:49.825878,4.2732,4.2749
2025-04-07 00:30:50.441543,4.2731,4.2748
2025-04-07 00:30:51.197311,4.2732,4.2749
2025-04-07 00:30:51.701776,4.2731,4.2748
2025-04-07 00:30:52.404008,4.273,4.2747
2025-04-07 00:30:53.270038,4.2732,4.2749
2025-04-07 00:30:53.990131,4.2731,4.2748
2025-04-07 00:30:55.520719,4.2732,4.2749
2025-04-07 00:30:57.685354,4.273,4.2747
2025-04-07 00:30:58.722344,4.2731,4.2748
2025-04-07 00:31:00.200929,4.2732,4.2749
2025-04-07 00:31:06.450632,4.2731,4.2748
2025-04-07 00:31:06.846103,4.2729,4.2746
2025-04-07 00:31:07.319826,4.273,4.2747
2025-04-07 00:31:08.135458,4.2729,4.2746
2025-04-07 00:31:09.508441,4.2732,4.2749
2025-04-07 00:31:10.475244,4.273,4.2747
2025-04-07 00:31:12.638114,4.2731,4.2748
2025-04-07 00:31:14.086907,4.273,4.2747
2025-04-07 00:31:16.373877,4.2731,4.2748
2025-04-07 00:31:19.416174,4.273,4.2747
2025-04-07 00:31:20.388113,4.2729,4.2746
2025-04-07 00:31:22.246016,4.2728,4.2745
2025-04-07 00:31:28.282705,4.2729,4.2746
2025-04-07 00:31:28.771419,4.2728,4.2745
2025-04-07 00:31:29.848002,4.2729,4.2746
2025-04-07 00:31:30.244158,4.2728,4.2745
2025-04-07 00:31:33.419209,4.273,4.2747
2025-04-07 00:31:34.165401,4.2729,4.2746
2025-04-07 00:31:34.435082,4.273,4.2747
2025-04-07 00:31:35.288922,4.2732,4.2749
2025-04-07 00:31:35.766616,4.273,4.2747
2025-04-07 00:31:37.252173,4.2731,4.2748
2025-04-07 00:31:38.676094,4.273,4.2747
2025-04-07 00:31:42.180813,4.2729,4.2746
2025-04-07 00:31:42.541793,4.273,4.2747
2025-04-07 00:31:45.887087,4.2727,4.2744
2025-04-07 00:31:46.610010,4.273,4.2747
2025-04-07 00:31:47.619413,4.2729,4.2746
2025-04-07 00:31:49.937470,4.273,4.2747
2025-04-07 00:31:50.434699,4.2729,4.2746
2025-04-07 00:31:52.141290,4.2731,4.2748
2025-04-07 00:31:52.952202,4.273,4.2747
2025-04-07 00:31:53.124652,4.2729,4.2746
2025-04-07 00:31:54.928900,4.2732,4.2749
2025-04-07 00:31:56.332462,4.2728,4.2745
2025-04-07 00:31:57.361893,4.2729,4.2746
2025-04-07 00:31:58.538354,4.2728,4.2745
2025-04-07 00:31:59.092767,4.273,4.2747
2025-04-07 00:31:59.909771,4.2727,4.2744
2025-04-07 00:32:00.470490,4.2729,4.2746
2025-04-07 00:32:01.032607,4.273,4.2747
2025-04-07 00:32:01.772260,4.2729,4.2746
2025-04-07 00:32:03.573922,4.2728,4.2745
2025-04-07 00:32:04.132029,4.2724,4.2741
2025-04-07 00:32:05.301296,4.2725,4.2742
2025-04-07 00:32:06.706199,4.2726,4.2743
2025-04-07 00:32:09.347272,4.2724,4.2741
2025-04-07 00:32:10.015548,4.2726,4.2743
2025-04-07 00:32:10.691812,4.2727,4.2744
2025-04-07 00:32:13.336899,4.2726,4.2743
2025-04-07 00:32:13.915968,4.2727,4.2744
2025-04-07 00:32:16.051090,4.2726,4.2743
2025-04-07 00:32:17.063219,4.2727,4.2744
2025-04-07 00:32:17.241961,4.2726,4.2743
2025-04-07 00:32:23.759237,4.2727,4.2744
2025-04-07 00:32:25.062383,4.2726,4.2743
2025-04-07 00:32:29.827553,4.2727,4.2744
2025-04-07 00:32:36.101406,4.2726,4.2743
2025-04-07 00:32:37.114597,4.2725,4.2742
2025-04-07 00:32:37.975973,4.2727,4.2744
2025-04-07 00:32:38.834807,4.2728,4.2745
2025-04-07 00:32:39.502269,4.2727,4.2744
2025-04-07 00:32:40.138207,4.2729,4.2746
2025-04-07 00:32:40.858812,4.2727,4.2744
2025-04-07 00:32:41.155032,4.2726,4.2743
2025-04-07 00:32:41.838036,4.2728,4.2745
2025-04-07 00:32:42.481258,4.2725,4.2742
2025-04-07 00:32:42.794468,4.2726,4.2743
2025-04-07 00:32:43.605007,4.2728,4.2745
2025-04-07 00:32:44.046048,4.2727,4.2744
2025-04-07 00:32:44.997185,4.2726,4.2743
2025-04-07 00:32:45.493171,4.2728,4.2745
2025-04-07 00:32:46.183371,4.2729,4.2746
2025-04-07 00:32:47.763535,4.2726,4.2743
2025-04-07 00:32:48.361655,4.2728,4.2745
2025-04-07 00:32:48.802524,4.2726,4.2743
2025-04-07 00:32:49.305440,4.2728,4.2745
2025-04-07 00:32:49.820917,4.2726,4.2743
2025-04-07 00:32:52.232264,4.2728,4.2745
2025-04-07 00:32:53.067718,4.2729,4.2746
2025-04-07 00:32:53.994929,4.2728,4.2745
2025-04-07 00:32:54.819598,4.2727,4.2744
2025-04-07 00:32:55.069357,4.2729,4.2746
2025-04-07 00:32:56.037570,4.2727,4.2744
2025-04-07 00:32:57.051250,4.2728,4.2745
2025-04-07 00:32:57.440781,4.2726,4.2743
2025-04-07 00:32:57.892513,4.2727,4.2744
2025-04-07 00:32:58.594225,4.2728,4.2745
2025-04-07 00:33:01.604280,4.2727,4.2744
2025-04-07 00:33:02.292891,4.2728,4.2745
2025-04-07 00:33:04.998351,4.2727,4.2744
2025-04-07 00:33:05.395986,4.2725,4.2742
2025-04-07 00:33:06.130211,4.2724,4.2741
2025-04-07 00:33:06.659827,4.2725,4.2742
2025-04-07 00:33:07.444592,4.2724,4.2741
2025-04-07 00:33:09.285556,4.2723,4.274
2025-04-07 00:33:10.037141,4.2724,4.2741
2025-04-07 00:33:10.897687,4.2725,4.2742
2025-04-07 00:33:11.930677,4.2724,4.2741
2025-04-07 00:33:12.296671,4.2726,4.2743
2025-04-07 00:33:14.597085,4.2725,4.2742
2025-04-07 00:33:16.103279,4.2724,4.2741
2025-04-07 00:33:17.072893,4.2726,4.2743
2025-04-07 00:33:18.089550,4.2724,4.2741
2025-04-07 00:33:18.594897,4.2725,4.2742
2025-04-07 00:33:20.806853,4.2724,4.2741
2025-04-07 00:33:22.051734,4.2723,4.274
2025-04-07 00:33:23.140223,4.2725,4.2742
2025-04-07 00:33:24.154688,4.2726,4.2743
2025-04-07 00:33:25.669050,4.2724,4.2741
2025-04-07 00:33:26.221257,4.2726,4.2743
2025-04-07 00:33:28.059069,4.2725,4.2742
2025-04-07 00:33:28.481835,4.2726,4.2743
2025-04-07 00:33:29.122117,4.2725,4.2742
2025-04-07 00:33:29.611434,4.2724,4.2741
2025-04-07 00:33:30.232816,4.2725,4.2742
2025-04-07 00:33:30.596278,4.2726,4.2743
2025-04-07 00:33:35.866608,4.2724,4.2741
2025-04-07 00:33:36.432952,4.2728,4.2745
2025-04-07 00:33:38.071827,4.2729,4.2746
2025-04-07 00:33:39.114926,4.2728,4.2745
2025-04-07 00:33:40.383171,4.2729,4.2746
2025-04-07 00:33:40.701734,4.2728,4.2745
2025-04-07 00:33:41.266989,4.2727,4.2744
2025-04-07 00:33:42.171262,4.2728,4.2745
2025-04-07 00:33:43.442920,4.2729,4.2746
2025-04-07 00:33:45.423314,4.2728,4.2745
2025-04-07 00:33:45.975263,4.273,4.2747
2025-04-07 00:33:46.599905,4.2729,4.2746
2025-04-07 00:33:47.145716,4.2731,4.2748
2025-04-07 00:33:47.466829,4.2728,4.2745
2025-04-07 00:33:48.303151,4.2731,4.2748
2025-04-07 00:33:48.730675,4.2729,4.2746
2025-04-07 00:33:49.397040,4.2728,4.2745
2025-04-07 00:33:50.067575,4.2729,4.2746
2025-04-07 00:33:50.632280,4.273,4.2747
2025-04-07 00:33:52.132273,4.2729,4.2746
2025-04-07 00:33:52.448093,4.273,4.2747
2025-04-07 00:33:53.223613,4.2728,4.2745
2025-04-07 00:33:53.718979,4.2729,4.2746
2025-04-07 00:33:54.185968,4.273,4.2747
2025-04-07 00:33:55.037150,4.2729,4.2746
2025-04-07 00:33:55.576661,4.2728,4.2745
2025-04-07 00:33:56.312774,4.2729,4.2746
2025-04-07 00:33:56.656946,4.2731,4.2748
2025-04-07 00:33:57.323808,4.273,4.2747
2025-04-07 00:34:00.544089,4.2729,4.2746
2025-04-07 00:34:02.597836,4.273,4.2747
2025-04-07 00:34:04.450688,4.2729,4.2746
2025-04-07 00:34:05.196467,4.273,4.2747
2025-04-07 00:34:05.696346,4.2729,4.2746
2025-04-07 00:34:06.346809,4.2731,4.2748
2025-04-07 00:34:07.244392,4.2728,4.2745
2025-04-07 00:34:08.157945,4.2731,4.2748
2025-04-07 00:34:08.662280,4.2729,4.2746
2025-04-07 00:34:10.321319,4.2728,4.2745
2025-04-07 00:34:10.654297,4.273,4.2747
2025-04-07 00:34:12.098640,4.2728,4.2745
2025-04-07 00:34:13.424909,4.2729,4.2746
2025-04-07 00:34:16.173370,4.2728,4.2745
2025-04-07 00:34:16.953758,4.2729,4.2746
2025-04-07 00:34:17.456784,4.273,4.2747
2025-04-07 00:34:18.154389,4.2728,4.2745
2025-04-07 00:34:18.696882,4.273,4.2747
2025-04-07 00:34:19.617116,4.2731,4.2748
2025-04-07 00:34:20.753294,4.273,4.2747
2025-04-07 00:34:22.190017,4.2728,4.2745
2025-04-07 00:34:23.050479,4.2729,4.2746
2025-04-07 00:34:23.379993,4.273,4.2747
2025-04-07 00:34:24.444008,4.2729,4.2746
2025-04-07 00:34:26.119664,4.2728,4.2745
2025-04-07 00:34:28.123922,4.2729,4.2746
2025-04-07 00:34:29.567801,4.2728,4.2745
2025-04-07 00:34:30.382154,4.2729,4.2746
2025-04-07 00:34:30.835588,4.273,4.2747
2025-04-07 00:34:32.239563,4.2728,4.2745
2025-04-07 00:34:32.962223,4.2729,4.2746
2025-04-07 00:34:33.531165,4.273,4.2747
2025-04-07 00:34:33.974456,4.2729,4.2746
2025-04-07 00:34:34.530100,4.273,4.2747
2025-04-07 00:34:34.997766,4.2728,4.2745
2025-04-07 00:34:35.516061,4.2729,4.2746
2025-04-07 00:34:37.435622,4.2727,4.2744
2025-04-07 00:34:38.541819,4.2728,4.2745
2025-04-07 00:34:39.596402,4.2731,4.2748
2025-04-07 00:34:40.447607,4.2727,4.2744
2025-04-07 00:34:40.923242,4.2729,4.2746
2025-04-07 00:34:42.992090,4.2728,4.2745
2025-04-07 00:34:43.412585,4.2729,4.2746
2025-04-07 00:34:43.649090,4.2728,4.2745
2025-04-07 00:34:44.141806,4.2727,4.2744
2025-04-07 00:34:44.827710,4.2728,4.2745
2025-04-07 00:34:46.422716,4.2729,4.2746
2025-04-07 00:34:47.349375,4.2728,4.2745
2025-04-07 00:34:47.458872,4.2727,4.2744
2025-04-07 00:34:47.990426,4.2728,4.2745
2025-04-07 00:34:48.737640,4.2729,4.2746
2025-04-07 00:34:49.828329,4.2727,4.2744
2025-04-07 00:34:50.288131,4.2728,4.2745
2025-04-07 00:34:51.245559,4.273,4.2747
2025-04-07 00:34:51.755482,4.2727,4.2744
2025-04-07 00:34:52.215695,4.273,4.2747
2025-04-07 00:34:52.938746,4.2729,4.2746
2025-04-07 00:34:53.965829,4.2728,4.2745
2025-04-07 00:34:54.618483,4.2729,4.2746
2025-04-07 00:34:55.404313,4.2728,4.2745
2025-04-07 00:34:55.658158,4.2727,4.2744
2025-04-07 00:34:56.156041,4.273,4.2747
2025-04-07 00:34:56.884831,4.2727,4.2744
2025-04-07 00:34:57.970688,4.2728,4.2745
2025-04-07 00:34:58.421742,4.273,4.2747
2025-04-07 00:34:58.922890,4.2727,4.2744
2025-04-07 00:35:00.162326,4.2728,4.2745
2025-04-07 00:35:01.631955,4.273,4.2747
2025-04-07 00:35:02.246530,4.2727,4.2744
2025-04-07 00:35:03.804985,4.273,4.2747
2025-04-07 00:35:04.350159,4.2729,4.2746
2025-04-07 00:35:06.342479,4.273,4.2747
2025-04-07 00:35:08.144218,4.2727,4.2744
2025-04-07 00:35:09.509479,4.2728,4.2745
2025-04-07 00:35:11.347169,4.273,4.2747
2025-04-07 00:35:11.680956,4.2729,4.2746
2025-04-07 00:35:12.443781,4.273,4.2747
2025-04-07 00:35:12.848386,4.2729,4.2746
2025-04-07 00:35:13.355934,4.273,4.2747
2025-04-07 00:35:14.249676,4.2727,4.2744
2025-04-07 00:35:14.739622,4.2729,4.2746
2025-04-07 00:35:15.161854,4.2728,4.2745
2025-04-07 00:35:15.845731,4.273,4.2747
2025-04-07 00:35:16.378359,4.2728,4.2745
2025-04-07 00:35:17.040868,4.273,4.2747
2025-04-07 00:35:17.639856,4.2728,4.2745
2025-04-07 00:35:18.538193,4.273,4.2747
2025-04-07 00:35:20.881789,4.2728,4.2745
2025-04-07 00:35:21.699530,4.2727,4.2744
2025-04-07 00:35:21.963049,4.273,4.2747
2025-04-07 00:35:22.671781,4.2729,4.2746
2025-04-07 00:35:22.960727,4.2728,4.2745
2025-04-07 00:35:24.759078,4.2731,4.2748
2025-04-07 00:35:25.338507,4.2729,4.2746
2025-04-07 00:35:27.034680,4.273,4.2747
2025-04-07 00:35:27.449288,4.2728,4.2745
2025-04-07 00:35:28.407404,4.273,4.2747
2025-04-07 00:35:30.660839,4.2728,4.2745
2025-04-07 00:35:31.325646,4.2729,4.2746
2025-04-07 00:35:32.592590,4.273,4.2747
2025-04-07 00:35:34.885314,4.2729,4.2746
2025-04-07 00:35:35.439134,4.273,4.2747
2025-04-07 00:35:35.831780,4.2729,4.2746
2025-04-07 00:35:36.622225,4.273,4.2747
2025-04-07 00:35:37.570997,4.2729,4.2746
2025-04-07 00:35:38.931762,4.273,4.2747
2025-04-07 00:35:39.683166,4.2729,4.2746
2025-04-07 00:35:41.083193,4.273,4.2747
2025-04-07 00:35:41.592513,4.2729,4.2746
2025-04-07 00:35:43.187924,4.2728,4.2745
2025-04-07 00:35:46.079881,4.273,4.2747
2025-04-07 00:35:46.471439,4.2729,4.2746
2025-04-07 00:35:47.146268,4.273,4.2747
2025-04-07 00:35:48.048719,4.2729,4.2746
2025-04-07 00:35:49.013169,4.2728,4.2745
2025-04-07 00:36:00.411164,4.2729,4.2746
2025-04-07 00:36:01.051219,4.2728,4.2745
2025-04-07 00:36:07.169584,4.2729,4.2746
2025-04-07 00:36:07.803593,4.273,4.2747
2025-04-07 00:36:08.232323,4.2729,4.2746
2025-04-07 00:36:09.154825,4.273,4.2747
2025-04-07 00:36:09.606758,4.2729,4.2746
2025-04-07 00:36:12.552642,4.273,4.2747
2025-04-07 00:36:13.536588,4.2729,4.2746
2025-04-07 00:36:14.123015,4.273,4.2747
2025-04-07 00:36:15.049319,4.2729,4.2746
2025-04-07 00:36:15.849474,4.273,4.2747
2025-04-07 00:36:17.673528,4.2729,4.2746
2025-04-07 00:36:18.172344,4.2732,4.2749
2025-04-07 00:36:19.091258,4.2731,4.2748
2025-04-07 00:36:19.352151,4.2732,4.2749
2025-04-07 00:36:20.084418,4.2731,4.2748
2025-04-07 00:36:20.751348,4.273,4.2747
2025-04-07 00:36:21.484580,4.2731,4.2748
2025-04-07 00:36:22.684124,4.2732,4.2749
2025-04-07 00:36:23.234529,4.2733,4.275
2025-04-07 00:36:24.037917,4.2732,4.2749
2025-04-07 00:36:24.546663,4.2731,4.2748
2025-04-07 00:36:25.187139,4.273,4.2747
2025-04-07 00:36:25.696856,4.2731,4.2748
2025-04-07 00:36:27.094507,4.273,4.2747
2025-04-07 00:36:29.342956,4.2729,4.2746
2025-04-07 00:36:29.890125,4.273,4.2747
2025-04-07 00:36:30.636609,4.2731,4.2748
2025-04-07 00:36:31.845300,4.273,4.2747
2025-04-07 00:36:33.287405,4.2729,4.2746
2025-04-07 00:36:34.399034,4.2731,4.2748
2025-04-07 00:36:34.635674,4.2728,4.2745
2025-04-07 00:36:36.225299,4.2729,4.2746
2025-04-07 00:36:36.965152,4.2728,4.2745
2025-04-07 00:36:37.475501,4.2729,4.2746
2025-04-07 00:36:39.796684,4.2728,4.2745
2025-04-07 00:36:41.679738,4.2729,4.2746
2025-04-07 00:36:42.700484,4.2728,4.2745
2025-04-07 00:36:44.123435,4.2729,4.2746
2025-04-07 00:36:45.130129,4.2728,4.2745
2025-04-07 00:36:46.453292,4.2727,4.2744
2025-04-07 00:36:47.484901,4.2729,4.2746
2025-04-07 00:36:49.166841,4.2727,4.2744
2025-04-07 00:36:51.389342,4.2725,4.2742
2025-04-07 00:36:54.688745,4.2724,4.2741
2025-04-07 00:37:02.462346,4.2725,4.2742
2025-04-07 00:37:04.637932,4.2726,4.2743
2025-04-07 00:37:05.141189,4.2725,4.2742
2025-04-07 00:37:08.252987,4.2724,4.2741
2025-04-07 00:37:09.424603,4.2725,4.2742
2025-04-07 00:37:10.815622,4.2724,4.2741
2025-04-07 00:37:12.743689,4.2725,4.2742
2025-04-07 00:37:15.881660,4.2726,4.2743
2025-04-07 00:37:18.571381,4.2725,4.2742
2025-04-07 00:37:20.684444,4.2728,4.2745
2025-04-07 00:37:23.345453,4.2726,4.2743
2025-04-07 00:37:25.764306,4.2727,4.2744
2025-04-07 00:37:26.330295,4.2726,4.2743
2025-04-07 00:37:29.474810,4.2727,4.2744
2025-04-07 00:37:32.025180,4.2726,4.2743
2025-04-07 00:37:32.525198,4.2728,4.2745
2025-04-07 00:37:33.833612,4.2726,4.2743
2025-04-07 00:37:35.139743,4.2727,4.2744
2025-04-07 00:37:40.294525,4.2726,4.2743
2025-04-07 00:37:45.085159,4.2725,4.2742
2025-04-07 00:37:47.529407,4.2726,4.2743
2025-04-07 00:37:49.194418,4.2725,4.2742
2025-04-07 00:37:54.167096,4.2724,4.2741
2025-04-07 00:37:55.912156,4.2725,4.2742
2025-04-07 00:37:57.847061,4.2727,4.2744
2025-04-07 00:37:58.586520,4.2725,4.2742
2025-04-07 00:37:59.683397,4.2726,4.2743
2025-04-07 00:38:00.530930,4.2728,4.2745
2025-04-07 00:38:04.590501,4.2725,4.2742
2025-04-07 00:38:06.049296,4.2727,4.2744
2025-04-07 00:38:08.780118,4.2726,4.2743
2025-04-07 00:38:10.250902,4.2727,4.2744
2025-04-07 00:38:11.299799,4.2726,4.2743
2025-04-07 00:38:13.009999,4.2728,4.2745
2025-04-07 00:38:13.670120,4.2727,4.2744
2025-04-07 00:38:17.131488,4.2726,4.2743
2025-04-07 00:38:21.462735,4.2725,4.2742
2025-04-07 00:38:22.120178,4.2726,4.2743
2025-04-07 00:38:23.453427,4.2727,4.2744
2025-04-07 00:38:29.562690,4.2726,4.2743
2025-04-07 00:38:30.219925,4.2727,4.2744
2025-04-07 00:38:30.659211,4.2726,4.2743
2025-04-07 00:38:32.321070,4.2728,4.2745
2025-04-07 00:38:33.077998,4.2727,4.2744
2025-04-07 00:38:35.432499,4.2728,4.2745
2025-04-07 00:38:35.888400,4.2727,4.2744
2025-04-07 00:38:39.840671,4.2728,4.2745
2025-04-07 00:38:40.914264,4.2724,4.2741
2025-04-07 00:38:41.997156,4.2725,4.2742
2025-04-07 00:38:42.577711,4.2724,4.2741
2025-04-07 00:38:48.918221,4.2723,4.274
2025-04-07 00:38:55.320660,4.2722,4.2739
2025-04-07 00:38:56.147035,4.2724,4.2741
2025-04-07 00:38:56.780595,4.2722,4.2739
2025-04-07 00:38:58.048866,4.2723,4.274
2025-04-07 00:38:59.401048,4.2724,4.2741
2025-04-07 00:39:00.021896,4.2722,4.2739
2025-04-07 00:39:00.815212,4.2723,4.274
2025-04-07 00:39:01.513336,4.2722,4.2739
2025-04-07 00:39:02.958995,4.2724,4.2741
2025-04-07 00:39:05.455033,4.2725,4.2742
2025-04-07 00:39:06.079653,4.2724,4.2741
2025-04-07 00:39:06.644682,4.2728,4.2745
2025-04-07 00:39:07.412420,4.2727,4.2744
2025-04-07 00:39:07.839944,4.2729,4.2746
2025-04-07 00:39:10.608840,4.2727,4.2744
2025-04-07 00:39:11.119506,4.2729,4.2746
2025-04-07 00:39:14.193629,4.2728,4.2745
2025-04-07 00:39:15.862809,4.2727,4.2744
2025-04-07 00:39:17.149754,4.2728,4.2745
2025-04-07 00:39:17.868614,4.2729,4.2746
2025-04-07 00:39:18.381450,4.273,4.2747
2025-04-07 00:39:18.693115,4.2729,4.2746
2025-04-07 00:39:19.771643,4.2728,4.2745
2025-04-07 00:39:20.804249,4.2729,4.2746
2025-04-07 00:39:21.395648,4.2728,4.2745
2025-04-07 00:39:22.023618,4.2727,4.2744
2025-04-07 00:39:22.466722,4.2723,4.274
2025-04-07 00:39:22.979295,4.2726,4.2743
2025-04-07 00:39:25.833826,4.2727,4.2744
2025-04-07 00:39:26.293094,4.2726,4.2743
2025-04-07 00:39:27.285652,4.2727,4.2744
2025-04-07 00:39:27.746866,4.2728,4.2745
2025-04-07 00:39:28.424248,4.2727,4.2744
2025-04-07 00:39:29.017383,4.2728,4.2745
2025-04-07 00:39:30.598693,4.2729,4.2746
2025-04-07 00:39:31.836725,4.2727,4.2744
2025-04-07 00:39:32.524943,4.2726,4.2743
2025-04-07 00:39:33.927109,4.2727,4.2744
2025-04-07 00:39:36.463238,4.2726,4.2743
2025-04-07 00:39:37.482386,4.2725,4.2742
2025-04-07 00:39:40.455483,4.2729,4.2746
2025-04-07 00:39:40.920029,4.2727,4.2744
2025-04-07 00:39:42.344801,4.273,4.2747
2025-04-07 00:39:43.103765,4.2729,4.2746
2025-04-07 00:39:43.414852,4.2727,4.2744
2025-04-07 00:39:44.327771,4.2728,4.2745
2025-04-07 00:39:44.795431,4.2729,4.2746
2025-04-07 00:39:45.395852,4.2728,4.2745
2025-04-07 00:39:46.450697,4.2729,4.2746
2025-04-07 00:39:46.698101,4.2728,4.2745
2025-04-07 00:39:47.485567,4.2729,4.2746
2025-04-07 00:39:47.723046,4.2727,4.2744
2025-04-07 00:39:48.478552,4.2728,4.2745
2025-04-07 00:39:49.477232,4.2727,4.2744
2025-04-07 00:39:51.357753,4.2726,4.2743
2025-04-07 00:39:52.230767,4.2727,4.2744
2025-04-07 00:39:53.357646,4.2726,4.2743
2025-04-07 00:39:53.570442,4.2728,4.2745
2025-04-07 00:39:56.446359,4.2729,4.2746
2025-04-07 00:39:56.934828,4.2728,4.2745
2025-04-07 00:39:58.482274,4.2727,4.2744
2025-04-07 00:39:58.933661,4.2729,4.2746
2025-04-07 00:40:00.891520,4.2727,4.2744
2025-04-07 00:40:01.171782,4.2728,4.2745
2025-04-07 00:40:01.683939,4.2727,4.2744
2025-04-07 00:40:02.199023,4.2729,4.2746
2025-04-07 00:40:02.876552,4.2728,4.2745
2025-04-07 00:40:03.307880,4.2729,4.2746
2025-04-07 00:40:04.138484,4.2728,4.2745
2025-04-07 00:40:04.742522,4.2727,4.2744
2025-04-07 00:40:05.482420,4.2728,4.2745
2025-04-07 00:40:05.750332,4.2727,4.2744
2025-04-07 00:40:06.531993,4.2726,4.2743
2025-04-07 00:40:07.248996,4.2729,4.2746
2025-04-07 00:40:07.763219,4.2727,4.2744
2025-04-07 00:40:08.460040,4.2728,4.2745
2025-04-07 00:40:10.573059,4.2727,4.2744
2025-04-07 00:40:11.227428,4.2726,4.2743
2025-04-07 00:40:11.912421,4.2729,4.2746
2025-04-07 00:40:16.409721,4.2728,4.2745
2025-04-07 00:40:17.157460,4.2729,4.2746
2025-04-07 00:40:18.009420,4.273,4.2747
2025-04-07 00:40:18.422959,4.2729,4.2746
2025-04-07 00:40:19.606291,4.2731,4.2748
2025-04-07 00:40:20.510750,4.273,4.2747
2025-04-07 00:40:20.945795,4.2729,4.2746
2025-04-07 00:40:21.430354,4.273,4.2747
2025-04-07 00:40:22.070432,4.2728,4.2745
2025-04-07 00:40:22.836522,4.273,4.2747
2025-04-07 00:40:23.569236,4.2729,4.2746
2025-04-07 00:40:24.056410,4.2728,4.2745
2025-04-07 00:40:24.912998,4.273,4.2747
2025-04-07 00:40:25.956633,4.2728,4.2745
2025-04-07 00:40:27.174005,4.273,4.2747
2025-04-07 00:40:27.977057,4.2729,4.2746
2025-04-07 00:40:29.251587,4.273,4.2747
2025-04-07 00:40:31.173789,4.2729,4.2746
2025-04-07 00:40:31.941997,4.2731,4.2748
2025-04-07 00:40:32.612185,4.2729,4.2746
2025-04-07 00:40:33.129126,4.273,4.2747
2025-04-07 00:40:33.656375,4.2731,4.2748
2025-04-07 00:40:34.180629,4.273,4.2747
2025-04-07 00:40:34.659045,4.2729,4.2746
2025-04-07 00:40:35.346180,4.2731,4.2748
2025-04-07 00:40:37.009847,4.273,4.2747
2025-04-07 00:40:38.400939,4.2731,4.2748
2025-04-07 00:40:38.938442,4.2729,4.2746
2025-04-07 00:40:39.435823,4.2731,4.2748
2025-04-07 00:40:41.058353,4.273,4.2747
2025-04-07 00:40:42.339940,4.2729,4.2746
2025-04-07 00:40:43.040797,4.273,4.2747
2025-04-07 00:40:44.644915,4.2732,4.2749
2025-04-07 00:40:45.746939,4.2731,4.2748
2025-04-07 00:40:46.208439,4.273,4.2747
2025-04-07 00:40:46.812142,4.2731,4.2748
2025-04-07 00:40:47.549950,4.273,4.2747
2025-04-07 00:40:48.272308,4.2731,4.2748
2025-04-07 00:40:49.008531,4.273,4.2747
2025-04-07 00:40:50.617806,4.2729,4.2746
2025-04-07 00:40:51.273139,4.2731,4.2748
2025-04-07 00:40:52.635261,4.273,4.2747
2025-04-07 00:40:53.991008,4.2731,4.2748
2025-04-07 00:40:54.471134,4.273,4.2747
2025-04-07 00:40:55.069702,4.2731,4.2748
2025-04-07 00:40:59.415766,4.273,4.2747
2025-04-07 00:41:00.368828,4.2732,4.2749
2025-04-07 00:41:01.773214,4.2731,4.2748
2025-04-07 00:41:02.567233,4.2732,4.2749
2025-04-07 00:41:04.446830,4.2731,4.2748
2025-04-07 00:41:08.087651,4.273,4.2747
2025-04-07 00:41:09.420562,4.2731,4.2748
2025-04-07 00:41:09.897182,4.2732,4.2749
2025-04-07 00:41:10.450237,4.273,4.2747
2025-04-07 00:41:11.341433,4.2731,4.2748
2025-04-07 00:41:11.551732,4.273,4.2747
2025-04-07 00:41:12.939521,4.2731,4.2748
2025-04-07 00:41:13.611997,4.273,4.2747
2025-04-07 00:41:14.410003,4.2731,4.2748
2025-04-07 00:41:15.675930,4.273,4.2747
2025-04-07 00:41:17.016401,4.2728,4.2745
2025-04-07 00:41:17.521889,4.2729,4.2746
2025-04-07 00:41:18.954230,4.273,4.2747
2025-04-07 00:41:20.001370,4.2729,4.2746
2025-04-07 00:41:20.676529,4.2728,4.2745
2025-04-07 00:41:21.169307,4.2729,4.2746
2025-04-07 00:41:24.079012,4.273,4.2747
2025-04-07 00:41:24.556183,4.2727,4.2744
2025-04-07 00:41:25.185171,4.2729,4.2746
2025-04-07 00:41:25.632148,4.2728,4.2745
2025-04-07 00:41:26.447406,4.2729,4.2746
2025-04-07 00:41:27.281094,4.2728,4.2745
2025-04-07 00:41:27.717799,4.2729,4.2746
2025-04-07 00:41:28.031685,4.273,4.2747
2025-04-07 00:41:28.906348,4.2728,4.2745
2025-04-07 00:41:30.001270,4.2729,4.2746
2025-04-07 00:41:30.341617,4.273,4.2747
2025-04-07 00:41:31.237470,4.2729,4.2746
2025-04-07 00:41:31.429115,4.2728,4.2745
2025-04-07 00:41:33.090909,4.2729,4.2746
2025-04-07 00:41:34.713096,4.273,4.2747
2025-04-07 00:41:36.498424,4.2729,4.2746
2025-04-07 00:41:37.193005,4.2727,4.2744
2025-04-07 00:41:37.999702,4.2728,4.2745
2025-04-07 00:41:38.997130,4.2729,4.2746
2025-04-07 00:41:40.225856,4.2728,4.2745
2025-04-07 00:41:40.803495,4.273,4.2747
2025-04-07 00:41:41.417518,4.2728,4.2745
2025-04-07 00:41:42.095087,4.2727,4.2744
2025-04-07 00:41:42.977810,4.273,4.2747
2025-04-07 00:41:43.500603,4.2729,4.2746
2025-04-07 00:41:44.039625,4.273,4.2747
2025-04-07 00:41:44.814992,4.2729,4.2746
2025-04-07 00:41:45.358029,4.2728,4.2745
2025-04-07 00:41:45.899251,4.273,4.2747
2025-04-07 00:41:46.652748,4.2729,4.2746
2025-04-07 00:41:47.676221,4.2731,4.2748
2025-04-07 00:41:48.819202,4.2729,4.2746
2025-04-07 00:41:49.964844,4.273,4.2747
2025-04-07 00:41:50.628903,4.2729,4.2746
2025-04-07 00:41:51.275290,4.273,4.2747
2025-04-07 00:41:52.530951,4.2728,4.2745
2025-04-07 00:41:53.934231,4.2729,4.2746
2025-04-07 00:41:55.235974,4.273,4.2747
2025-04-07 00:41:56.466325,4.2729,4.2746
2025-04-07 00:41:59.173311,4.273,4.2747
2025-04-07 00:42:01.247217,4.2729,4.2746
2025-04-07 00:42:02.581080,4.2728,4.2745
2025-04-07 00:42:03.999483,4.2729,4.2746
2025-04-07 00:42:05.659729,4.273,4.2747
2025-04-07 00:42:06.229714,4.2729,4.2746
2025-04-07 00:42:08.093978,4.273,4.2747
2025-04-07 00:42:12.243372,4.2729,4.2746
2025-04-07 00:42:13.300188,4.273,4.2747
2025-04-07 00:42:14.227796,4.2731,4.2748
2025-04-07 00:42:15.312621,4.273,4.2747
2025-04-07 00:42:17.990767,4.2731,4.2748
2025-04-07 00:42:19.526587,4.273,4.2747
2025-04-07 00:42:21.475057,4.2731,4.2748
2025-04-07 00:42:22.418641,4.273,4.2747
2025-04-07 00:42:22.852179,4.2732,4.2749
2025-04-07 00:42:25.242505,4.273,4.2747
2025-04-07 00:42:29.960770,4.2731,4.2748
2025-04-07 00:42:31.461574,4.2732,4.2749
2025-04-07 00:42:31.732964,4.273,4.2747
2025-04-07 00:42:35.363794,4.2731,4.2748
2025-04-07 00:42:36.095725,4.273,4.2747
2025-04-07 00:42:38.694497,4.2731,4.2748
2025-04-07 00:42:40.252515,4.273,4.2747
2025-04-07 00:42:41.087905,4.2731,4.2748
2025-04-07 00:42:45.077824,4.2729,4.2746
2025-04-07 00:42:45.867686,4.2731,4.2748
2025-04-07 00:42:47.176040,4.273,4.2747
2025-04-07 00:42:47.609982,4.2731,4.2748
2025-04-07 00:42:48.184392,4.2725,4.2743
2025-04-07 00:42:48.762690,4.2723,4.2742
2025-04-07 00:42:49.797834,4.273,4.2747
2025-04-07 00:42:50.838837,4.2729,4.2746
2025-04-07 00:42:51.815255,4.273,4.2747
2025-04-07 00:42:53.518306,4.2729,4.2746
2025-04-07 00:42:54.299970,4.2731,4.2748
2025-04-07 00:42:55.052385,4.273,4.2747
2025-04-07 00:42:56.998281,4.2731,4.2748
2025-04-07 00:42:58.763880,4.2729,4.2746
2025-04-07 00:42:59.801562,4.2731,4.2748
2025-04-07 00:43:01.282474,4.2729,4.2746
2025-04-07 00:43:01.910614,4.273,4.2747
2025-04-07 00:43:09.233860,4.2731,4.2748
2025-04-07 00:43:10.512345,4.273,4.2747
2025-04-07 00:43:12.444420,4.2731,4.2748
2025-04-07 00:43:13.013486,4.2729,4.2746
2025-04-07 00:43:14.913955,4.273,4.2747
2025-04-07 00:43:15.715061,4.2729,4.2746
2025-04-07 00:43:15.961527,4.2728,4.2745
2025-04-07 00:43:16.648782,4.2731,4.2748
2025-04-07 00:43:17.392789,4.2724,4.2743
2025-04-07 00:43:18.372242,4.2731,4.2748
2025-04-07 00:43:19.491764,4.273,4.2747
2025-04-07 00:43:20.427744,4.2729,4.2746
2025-04-07 00:43:21.611300,4.273,4.2747
2025-04-07 00:43:24.171522,4.2731,4.2748
2025-04-07 00:43:24.660756,4.273,4.2747
2025-04-07 00:43:25.790991,4.2731,4.2748
2025-04-07 00:43:26.928362,4.273,4.2747
2025-04-07 00:43:29.788441,4.2731,4.2748
2025-04-07 00:43:30.594809,4.2729,4.2746
2025-04-07 00:43:31.098150,4.273,4.2747
2025-04-07 00:43:33.190228,4.2731,4.2748
2025-04-07 00:43:34.219070,4.273,4.2747
2025-04-07 00:43:40.475378,4.2731,4.2748
2025-04-07 00:43:42.574533,4.273,4.2747
2025-04-07 00:43:43.773965,4.2731,4.2748
2025-04-07 00:43:49.279972,4.2732,4.2749
2025-04-07 00:43:50.309403,4.2733,4.275
2025-04-07 00:43:52.895931,4.2732,4.2749
2025-04-07 00:43:59.129840,4.2731,4.2748
2025-04-07 00:43:59.893313,4.2732,4.2749
2025-04-07 00:44:00.564017,4.2733,4.275
2025-04-07 00:44:17.434160,4.2734,4.2751
2025-04-07 00:44:30.309562,4.2735,4.2752
2025-04-07 00:44:36.970812,4.2733,4.275
2025-04-07 00:44:39.724392,4.2735,4.2752
2025-04-07 00:44:40.570904,4.2734,4.2751
2025-04-07 00:44:44.097492,4.2733,4.275
2025-04-07 00:44:44.580356,4.2734,4.2751
2025-04-07 00:44:45.352163,4.2733,4.275
2025-04-07 00:44:53.926162,4.2732,4.2749
2025-04-07 00:44:55.122673,4.2723,4.274
2025-04-07 00:44:58.989721,4.2725,4.2742
2025-04-07 00:45:00.045930,4.2724,4.2741
2025-04-07 00:45:00.268883,4.2723,4.274
2025-04-07 00:45:04.022243,4.2722,4.2739
2025-04-07 00:45:25.314136,4.2729,4.2746
2025-04-07 00:46:09.705231,4.2722,4.2739
2025-04-07 00:46:14.786143,4.2721,4.2738
2025-04-07 00:46:22.264561,4.272,4.2737
2025-04-07 00:46:26.031948,4.2722,4.2739
2025-04-07 00:46:32.094767,4.2721,4.2738
2025-04-07 00:46:43.538816,4.2723,4.274
2025-04-07 00:46:53.581327,4.2722,4.2739
2025-04-07 00:47:56.025897,4.2723,4.274
2025-04-07 00:47:57.018550,4.2724,4.2741
2025-04-07 00:47:59.810810,4.2723,4.274
2025-04-07 00:48:00.613399,4.2724,4.2741
2025-04-07 00:48:07.980277,4.2723,4.274
2025-04-07 00:48:10.714291,4.2722,4.2739
2025-04-07 00:48:54.005038,4.2723,4.274
2025-04-07 00:49:01.768987,4.2722,4.2739
2025-04-07 00:49:54.236994,4.2723,4.274
2025-04-07 00:50:41.669921,4.2724,4.2741
2025-04-07 00:50:48.219246,4.2723,4.274
2025-04-07 00:50:48.868594,4.2724,4.2741
2025-04-07 00:50:53.843203,4.2723,4.274
2025-04-07 00:52:52.558644,4.2724,4.2741
2025-04-07 00:52:54.151945,4.2723,4.274
2025-04-07 00:52:56.001635,4.2724,4.2741
2025-04-07 00:52:59.734799,4.2723,4.274
2025-04-07 00:53:02.451426,4.272,4.2737
2025-04-07 00:53:18.900014,4.2721,4.2738
2025-04-07 00:54:16.036467,4.2719,4.2738
2025-04-07 00:54:17.701383,4.272,4.2737
2025-04-07 00:54:18.517897,4.2718,4.2737
2025-04-07 00:54:18.869966,4.272,4.2738
2025-04-07 00:54:19.432105,4.2719,4.2738
2025-04-07 00:54:20.780838,4.2718,4.2738
2025-04-07 00:54:22.237948,4.272,4.2738
2025-04-07 00:54:26.492091,4.2718,4.2737
2025-04-07 00:54:28.737016,4.2718,4.2736
2025-04-07 00:54:42.384556,4.2718,4.2737
2025-04-07 00:54:47.574324,4.2718,4.2735
2025-04-07 00:54:48.430425,4.2717,4.2734
2025-04-07 00:55:02.252363,4.2713,4.273
2025-04-07 00:55:02.731223,4.2717,4.2734
2025-04-07 00:55:03.219113,4.272,4.2737
2025-04-07 00:55:03.961975,4.2723,4.274
2025-04-07 00:55:04.262869,4.2725,4.2742
2025-04-07 00:55:05.036424,4.2722,4.2739
2025-04-07 00:55:05.602413,4.2724,4.2741
2025-04-07 00:55:06.285153,4.2726,4.2743
2025-04-07 00:55:07.570104,4.2727,4.2744
2025-04-07 00:55:07.789018,4.2728,4.2745
2025-04-07 00:55:08.537257,4.2725,4.2742
2025-04-07 00:55:09.171580,4.2727,4.2744
2025-04-07 00:55:09.536543,4.2723,4.274
2025-04-07 00:55:10.070076,4.2725,4.2742
2025-04-07 00:55:11.493214,4.2721,4.2738
2025-04-07 00:55:12.127363,4.2725,4.2742
2025-04-07 00:55:12.813146,4.2728,4.2745
2025-04-07 00:55:13.824099,4.2729,4.2746
2025-04-07 00:55:13.911600,4.273,4.2747
2025-04-07 00:55:14.480709,4.2724,4.2741
2025-04-07 00:55:14.995935,4.2719,4.2736
2025-04-07 00:55:15.513291,4.2721,4.2738
2025-04-07 00:55:16.023172,4.2726,4.2743
2025-04-07 00:55:16.570957,4.2727,4.2744
2025-04-07 00:55:17.317748,4.2723,4.274
2025-04-07 00:55:17.680280,4.2721,4.2738
2025-04-07 00:55:18.303038,4.2725,4.2742
2025-04-07 00:55:19.863987,4.272,4.2737
2025-04-07 00:55:21.027691,4.2726,4.2743
2025-04-07 00:55:21.416931,4.2724,4.2741
2025-04-07 00:55:22.293987,4.2726,4.2743
2025-04-07 00:55:22.808431,4.2724,4.2741
2025-04-07 00:55:23.065072,4.272,4.2737
2025-04-07 00:55:23.838257,4.2724,4.2741
2025-04-07 00:55:24.310558,4.2726,4.2743
2025-04-07 00:55:25.082920,4.2728,4.2745
2025-04-07 00:55:25.246963,4.2725,4.2742
2025-04-07 00:55:25.821289,4.2727,4.2744
2025-04-07 00:55:26.642298,4.272,4.2737
2025-04-07 00:55:27.016541,4.2723,4.274
2025-04-07 00:55:27.481764,4.2727,4.2744
2025-04-07 00:55:27.984231,4.2725,4.2742
2025-04-07 00:55:28.681801,4.2726,4.2743
2025-04-07 00:55:29.599084,4.2722,4.2739
2025-04-07 00:55:30.151743,4.2724,4.2741
2025-04-07 00:55:30.616286,4.2728,4.2745
2025-04-07 00:55:31.434896,4.2726,4.2743
2025-04-07 00:55:32.087007,4.2727,4.2744
2025-04-07 00:55:32.598568,4.2726,4.2743
2025-04-07 00:55:33.108690,4.2729,4.2746
2025-04-07 00:55:33.784993,4.273,4.2747
2025-04-07 00:55:34.434235,4.2726,4.2743
2025-04-07 00:55:34.782162,4.2724,4.2741
2025-04-07 00:55:35.234614,4.2727,4.2744
2025-04-07 00:55:35.942397,4.2728,4.2745
2025-04-07 00:55:36.191487,4.2729,4.2746
2025-04-07 00:55:36.897074,4.2725,4.2742
2025-04-07 00:55:37.378423,4.2723,4.274
2025-04-07 00:55:37.876474,4.2729,4.2746
2025-04-07 00:55:38.503588,4.2722,4.2739
2025-04-07 00:55:39.242129,4.2725,4.2742
2025-04-07 00:55:39.664460,4.2729,4.2746
2025-04-07 00:55:40.180259,4.2723,4.274
2025-04-07 00:55:40.528529,4.2725,4.2742
2025-04-07 00:55:41.478927,4.2729,4.2746
2025-04-07 00:55:43.032490,4.2725,4.2742
2025-04-07 00:55:43.686445,4.2729,4.2746
2025-04-07 00:55:44.966166,4.273,4.2747
2025-04-07 00:55:46.489481,4.2729,4.2746
2025-04-07 00:55:47.495304,4.273,4.2747
2025-04-07 00:55:48.728590,4.2731,4.2748
2025-04-07 00:55:49.219385,4.273,4.2747
2025-04-07 00:55:49.789903,4.2731,4.2748
2025-04-07 00:55:50.440735,4.273,4.2747
2025-04-07 00:55:50.832265,4.2731,4.2748
2025-04-07 00:55:51.953266,4.2727,4.2744
2025-04-07 00:55:52.466159,4.2726,4.2743
2025-04-07 00:55:53.134830,4.2731,4.2748
2025-04-07 00:55:53.571242,4.2728,4.2745
2025-04-07 00:55:54.152906,4.2727,4.2744
2025-04-07 00:55:54.641473,4.2732,4.2749
2025-04-07 00:55:55.287065,4.273,4.2747
2025-04-07 00:55:55.890644,4.2728,4.2745
2025-04-07 00:55:56.499969,4.2729,4.2746
2025-04-07 00:55:56.986875,4.2727,4.2744
2025-04-07 00:55:57.539223,4.2726,4.2743
2025-04-07 00:55:57.900771,4.273,4.2747
2025-04-07 00:55:58.498947,4.2731,4.2748
2025-04-07 00:55:58.901070,4.273,4.2747
2025-04-07 00:55:59.649149,4.2731,4.2748
2025-04-07 00:56:00.320764,4.2726,4.2743
2025-04-07 00:56:01.307550,4.2729,4.2746
2025-04-07 00:56:01.565330,4.2726,4.2743
2025-04-07 00:56:02.302459,4.2724,4.2741
2025-04-07 00:56:03.058800,4.273,4.2747
2025-04-07 00:56:03.811779,4.2731,4.2748
2025-04-07 00:56:04.326503,4.2726,4.2743
2025-04-07 00:56:05.857932,4.273,4.2747
2025-04-07 00:56:06.186263,4.2731,4.2748
2025-04-07 00:56:06.694557,4.273,4.2747
2025-04-07 00:56:07.251869,4.2731,4.2748
2025-04-07 00:56:07.879287,4.273,4.2747
2025-04-07 00:56:08.408669,4.2729,4.2746
2025-04-07 00:56:08.907235,4.2731,4.2748
2025-04-07 00:56:09.586616,4.273,4.2747
2025-04-07 00:56:10.076552,4.2731,4.2748
2025-04-07 00:56:11.548211,4.2732,4.2749
2025-04-07 00:56:11.749715,4.273,4.2747
2025-04-07 00:56:12.386071,4.2731,4.2748
2025-04-07 00:56:12.979498,4.273,4.2747
2025-04-07 00:56:15.036647,4.2729,4.2746
2025-04-07 00:56:15.959106,4.273,4.2747
2025-04-07 00:56:18.672160,4.2729,4.2746
2025-04-07 00:56:19.268130,4.273,4.2747
2025-04-07 00:56:21.860438,4.2728,4.2745
2025-04-07 00:56:22.824683,4.273,4.2747
2025-04-07 00:56:22.923850,4.2729,4.2746
2025-04-07 00:56:24.246819,4.2728,4.2745
2025-04-07 00:56:25.366851,4.2729,4.2746
2025-04-07 00:56:26.732114,4.2728,4.2745
2025-04-07 00:56:28.139008,4.2729,4.2746
2025-04-07 00:56:35.275256,4.2728,4.2745
2025-04-07 00:56:36.947906,4.2729,4.2746
2025-04-07 00:56:39.665773,4.2727,4.2744
2025-04-07 00:56:41.626785,4.2728,4.2745
2025-04-07 00:56:42.530201,4.2729,4.2746
2025-04-07 00:56:43.365400,4.2728,4.2745
2025-04-07 00:56:46.315690,4.2727,4.2744
2025-04-07 00:56:48.731790,4.2728,4.2745
2025-04-07 00:56:55.096872,4.2727,4.2744
2025-04-07 00:56:55.925993,4.2728,4.2745
2025-04-07 00:56:58.854816,4.2729,4.2746
2025-04-07 00:57:03.246654,4.2726,4.2743
2025-04-07 00:57:04.646403,4.2728,4.2745
2025-04-07 00:57:07.546592,4.2727,4.2744
2025-04-07 00:57:08.429225,4.2728,4.2745
2025-04-07 00:57:09.470536,4.2729,4.2746
2025-04-07 00:57:10.432613,4.2728,4.2745
2025-04-07 00:57:11.331247,4.2729,4.2746
2025-04-07 00:57:13.888021,4.2728,4.2745
2025-04-07 00:57:14.389189,4.2729,4.2746
