timestamp,bid,ask
2025-04-05 21:09:05.043204,62.69,62.73
2025-04-06 21:55:04.501864,62.69,62.73
2025-04-06 21:59:59.861179,61.11,61.15
2025-04-06 22:00:00.718883,60.99,61.05
2025-04-06 22:00:01.140794,61.0,61.06
2025-04-06 22:00:01.308579,60.86,61.01
2025-04-06 22:00:01.515882,60.92,60.98
2025-04-06 22:00:02.008685,60.88,60.97
2025-04-06 22:00:02.505915,60.87,60.95
2025-04-06 22:00:02.820484,60.88,60.94
2025-04-06 22:00:03.100224,60.87,60.93
2025-04-06 22:00:03.825300,60.79,60.87
2025-04-06 22:00:04.323945,60.82,60.92
2025-04-06 22:00:04.824446,60.88,60.92
2025-04-06 22:00:05.078067,60.84,60.9
2025-04-06 22:00:05.328450,60.8,60.84
2025-04-06 22:00:05.499756,60.76,60.8
2025-04-06 22:00:05.950098,60.77,60.81
2025-04-06 22:00:06.099262,60.76,60.82
2025-04-06 22:00:06.184486,60.71,60.78
2025-04-06 22:00:06.298227,60.69,60.75
2025-04-06 22:00:06.530536,60.67,60.75
2025-04-06 22:00:07.023053,60.64,60.76
2025-04-06 22:00:07.466155,60.67,60.79
2025-04-06 22:00:07.975691,60.66,60.74
2025-04-06 22:00:08.492144,60.73,60.77
2025-04-06 22:00:09.282879,60.62,60.72
2025-04-06 22:00:09.775706,60.58,60.62
2025-04-06 22:00:09.815586,60.56,60.67
2025-04-06 22:00:10.303831,60.59,60.69
2025-04-06 22:00:10.808563,60.6,60.68
2025-04-06 22:00:11.303303,60.59,60.7
2025-04-06 22:00:11.806732,60.62,60.68
2025-04-06 22:00:12.133783,60.65,60.7
2025-04-06 22:00:12.412033,60.65,60.69
2025-04-06 22:00:12.921749,60.68,60.73
2025-04-06 22:00:13.041390,60.67,60.73
2025-04-06 22:00:14.390349,60.62,60.68
2025-04-06 22:00:14.544681,60.6,60.67
2025-04-06 22:00:14.896402,60.61,60.66
2025-04-06 22:00:15.309222,60.62,60.72
2025-04-06 22:00:15.814076,60.59,60.64
2025-04-06 22:00:16.139836,60.57,60.63
2025-04-06 22:00:16.478593,60.55,60.61
2025-04-06 22:00:16.786551,60.56,60.62
2025-04-06 22:00:17.691041,60.55,60.6
2025-04-06 22:00:18.799487,60.55,60.59
2025-04-06 22:00:19.502823,60.56,60.62
2025-04-06 22:00:20.278138,60.53,60.58
2025-04-06 22:00:20.769855,60.54,60.6
2025-04-06 22:00:21.271477,60.52,60.57
2025-04-06 22:00:21.546615,60.53,60.57
2025-04-06 22:00:21.827448,60.55,60.61
2025-04-06 22:00:22.029469,60.55,60.59
2025-04-06 22:00:22.453461,60.55,60.6
2025-04-06 22:00:22.712077,60.58,60.62
2025-04-06 22:00:22.730538,60.54,60.6
2025-04-06 22:00:23.000050,60.52,60.59
2025-04-06 22:00:23.423925,60.54,60.62
2025-04-06 22:00:23.746754,60.52,60.59
2025-04-06 22:00:24.349918,60.55,60.61
2025-04-06 22:00:24.715174,60.58,60.62
2025-04-06 22:00:25.206780,60.54,60.58
2025-04-06 22:00:25.683662,60.55,60.62
2025-04-06 22:00:26.187803,60.56,60.6
2025-04-06 22:00:26.690975,60.61,60.65
2025-04-06 22:00:27.202831,60.63,60.68
2025-04-06 22:00:27.704667,60.59,60.67
2025-04-06 22:00:28.202512,60.55,60.61
2025-04-06 22:00:28.696259,60.53,60.59
2025-04-06 22:00:29.111202,60.56,60.62
2025-04-06 22:00:31.247172,60.53,60.6
2025-04-06 22:00:31.741756,60.52,60.56
2025-04-06 22:00:32.467191,60.54,60.6
2025-04-06 22:00:32.560076,60.52,60.56
2025-04-06 22:00:32.991967,60.54,60.61
2025-04-06 22:00:33.497798,60.55,60.59
2025-04-06 22:00:33.782755,60.53,60.59
2025-04-06 22:00:34.158584,60.52,60.6
2025-04-06 22:00:34.875764,60.46,60.53
2025-04-06 22:00:35.370799,60.48,60.55
2025-04-06 22:00:35.869727,60.49,60.54
2025-04-06 22:00:36.376489,60.48,60.52
2025-04-06 22:00:36.853161,60.46,60.51
2025-04-06 22:00:37.353453,60.47,60.52
2025-04-06 22:00:37.854385,60.48,60.52
2025-04-06 22:00:38.354132,60.43,60.52
2025-04-06 22:00:38.850880,60.46,60.52
2025-04-06 22:00:39.359460,60.43,60.5
2025-04-06 22:00:40.358148,60.46,60.52
2025-04-06 22:00:40.852311,60.45,60.52
2025-04-06 22:00:41.362432,60.44,60.52
2025-04-06 22:00:42.369356,60.47,60.52
2025-04-06 22:00:43.077520,60.42,60.49
2025-04-06 22:00:43.569021,60.44,60.52
2025-04-06 22:00:44.572949,60.33,60.45
2025-04-06 22:00:44.930084,60.35,60.47
2025-04-06 22:00:45.437105,60.43,60.5
2025-04-06 22:00:45.826312,60.41,60.47
2025-04-06 22:00:45.964178,60.36,60.47
2025-04-06 22:00:46.277768,60.4,60.49
2025-04-06 22:00:46.491241,60.42,60.49
2025-04-06 22:00:46.636560,60.35,60.44
2025-04-06 22:00:46.813833,60.36,60.44
2025-04-06 22:00:47.048217,60.4,60.44
2025-04-06 22:00:47.133639,60.37,60.41
2025-04-06 22:00:47.343704,60.34,60.43
2025-04-06 22:00:47.690267,60.38,60.43
2025-04-06 22:00:47.924614,60.4,60.44
2025-04-06 22:00:48.191718,60.41,60.45
2025-04-06 22:00:48.476569,60.36,60.45
2025-04-06 22:00:48.724127,60.41,60.47
2025-04-06 22:00:48.988364,60.38,60.45
2025-04-06 22:00:49.496109,60.36,60.44
2025-04-06 22:00:50.111024,60.37,60.44
2025-04-06 22:00:50.538427,60.38,60.44
2025-04-06 22:00:50.694374,60.36,60.44
2025-04-06 22:00:50.977651,60.39,60.44
2025-04-06 22:00:51.984127,60.39,60.43
2025-04-06 22:00:53.688228,60.36,60.4
2025-04-06 22:00:54.094797,60.38,60.43
2025-04-06 22:00:54.845485,60.4,60.46
2025-04-06 22:00:56.102792,60.37,60.44
2025-04-06 22:00:56.514878,60.39,60.43
2025-04-06 22:00:58.741841,60.37,60.44
2025-04-06 22:00:59.431931,60.37,60.41
2025-04-06 22:00:59.574285,60.4,60.45
2025-04-06 22:00:59.946092,60.4,60.44
2025-04-06 22:01:00.382021,60.35,60.42
2025-04-06 22:01:00.866528,60.33,60.39
2025-04-06 22:01:01.864829,60.33,60.41
2025-04-06 22:01:02.367242,60.34,60.4
2025-04-06 22:01:02.869482,60.35,60.42
2025-04-06 22:01:03.370207,60.33,60.37
2025-04-06 22:01:04.361115,60.34,60.38
2025-04-06 22:01:04.869256,60.31,60.35
2025-04-06 22:01:05.661267,60.3,60.39
2025-04-06 22:01:06.439101,60.3,60.38
2025-04-06 22:01:06.517396,60.3,60.37
2025-04-06 22:01:06.678040,60.28,60.36
2025-04-06 22:01:06.950283,60.33,60.38
2025-04-06 22:01:07.200144,60.34,60.41
2025-04-06 22:01:07.693338,60.37,60.41
2025-04-06 22:01:08.024147,60.36,60.42
2025-04-06 22:01:08.308292,60.33,60.41
2025-04-06 22:01:08.674042,60.34,60.38
2025-04-06 22:01:08.911519,60.34,60.41
2025-04-06 22:01:09.150356,60.34,60.39
2025-04-06 22:01:09.480206,60.34,60.4
2025-04-06 22:01:09.703205,60.34,60.42
2025-04-06 22:01:09.925566,60.33,60.42
2025-04-06 22:01:10.176493,60.34,60.41
2025-04-06 22:01:10.426689,60.35,60.42
2025-04-06 22:01:10.679187,60.31,60.41
2025-04-06 22:01:11.404421,60.35,60.43
2025-04-06 22:01:12.025888,60.32,60.42
2025-04-06 22:01:12.336146,60.33,60.44
2025-04-06 22:01:12.844987,60.31,60.39
2025-04-06 22:01:13.177747,60.33,60.4
2025-04-06 22:01:13.452304,60.3,60.36
2025-04-06 22:01:13.899914,60.32,60.38
2025-04-06 22:01:14.297746,60.31,60.41
2025-04-06 22:01:14.539494,60.24,60.34
2025-04-06 22:01:15.403096,60.24,60.33
2025-04-06 22:01:15.643854,60.24,60.34
2025-04-06 22:01:15.868904,60.26,60.38
2025-04-06 22:01:16.179912,60.24,60.35
2025-04-06 22:01:16.593063,60.24,60.36
2025-04-06 22:01:17.097962,60.31,60.37
2025-04-06 22:01:17.298927,60.29,60.37
2025-04-06 22:01:17.346214,60.28,60.36
2025-04-06 22:01:17.614723,60.27,60.36
2025-04-06 22:01:17.717023,60.27,60.38
2025-04-06 22:01:18.268273,60.26,60.34
2025-04-06 22:01:18.553378,60.25,60.33
2025-04-06 22:01:18.814442,60.3,60.34
2025-04-06 22:01:19.265105,60.26,60.33
2025-04-06 22:01:19.511399,60.25,60.33
2025-04-06 22:01:19.758399,60.26,60.33
2025-04-06 22:01:20.267922,60.2,60.32
2025-04-06 22:01:20.765352,60.27,60.37
2025-04-06 22:01:21.260214,60.25,60.35
2025-04-06 22:01:21.715555,60.25,60.34
2025-04-06 22:01:22.160693,60.22,60.33
2025-04-06 22:01:22.983653,60.19,60.31
2025-04-06 22:01:23.984810,60.25,60.33
2025-04-06 22:01:24.535301,60.25,60.32
2025-04-06 22:01:24.940519,60.2,60.29
2025-04-06 22:01:25.939844,60.22,60.32
2025-04-06 22:01:27.699594,60.19,60.23
2025-04-06 22:01:28.472018,60.19,60.29
2025-04-06 22:01:28.979837,60.22,60.31
2025-04-06 22:01:29.395731,60.19,60.29
2025-04-06 22:01:29.906846,60.21,60.28
2025-04-06 22:01:30.201711,60.22,60.29
2025-04-06 22:01:30.423671,60.19,60.27
2025-04-06 22:01:32.645216,60.22,60.3
2025-04-06 22:01:33.149504,60.19,60.28
2025-04-06 22:01:34.534863,60.1,60.19
2025-04-06 22:01:34.703062,60.08,60.18
2025-04-06 22:01:34.983520,60.1,60.17
2025-04-06 22:01:35.192387,60.11,60.21
2025-04-06 22:01:35.666399,60.11,60.2
2025-04-06 22:01:35.966480,60.14,60.25
2025-04-06 22:01:36.884096,60.13,60.25
2025-04-06 22:01:37.194058,60.11,60.23
2025-04-06 22:01:37.394445,60.16,60.24
2025-04-06 22:01:37.486248,60.13,60.24
2025-04-06 22:01:38.369143,60.14,60.23
2025-04-06 22:01:38.621183,60.11,60.21
2025-04-06 22:01:39.054718,60.1,60.17
2025-04-06 22:01:39.292253,60.14,60.26
2025-04-06 22:01:40.096292,60.16,60.27
2025-04-06 22:01:40.525818,60.24,60.28
2025-04-06 22:01:41.294070,60.19,60.27
2025-04-06 22:01:41.727290,60.17,60.24
2025-04-06 22:01:42.220320,60.18,60.26
2025-04-06 22:01:42.498953,60.16,60.23
2025-04-06 22:01:42.814280,60.17,60.26
2025-04-06 22:01:43.737603,60.2,60.25
2025-04-06 22:01:44.026042,60.14,60.18
2025-04-06 22:01:44.921614,60.15,60.22
2025-04-06 22:01:45.410965,60.11,60.16
2025-04-06 22:01:45.462116,60.2,60.28
2025-04-06 22:01:45.874203,60.14,60.26
2025-04-06 22:01:46.163904,60.2,60.26
2025-04-06 22:01:48.446051,60.22,60.26
2025-04-06 22:01:48.976778,60.2,60.25
2025-04-06 22:01:49.271081,60.22,60.29
2025-04-06 22:01:49.538216,60.22,60.26
2025-04-06 22:01:50.178432,60.19,60.27
2025-04-06 22:01:50.667842,60.24,60.28
2025-04-06 22:01:51.163587,60.22,60.28
2025-04-06 22:01:51.662926,60.21,60.27
2025-04-06 22:21:04.036164,59.71,59.77
2025-04-06 22:21:08.124542,59.7,59.77
2025-04-06 22:21:09.226453,59.73,59.77
2025-04-06 22:21:09.750382,59.71,59.77
2025-04-06 22:21:11.314793,59.71,59.78
2025-04-06 22:21:17.258987,59.73,59.78
2025-04-06 22:21:19.705208,59.75,59.78
2025-04-06 22:21:20.689598,59.72,59.75
2025-04-06 22:21:21.865316,59.69,59.75
2025-04-06 22:21:26.513469,59.73,59.76
2025-04-06 22:21:32.715950,59.73,59.78
2025-04-06 22:21:35.258348,59.72,59.78
2025-04-06 22:21:36.463345,59.7,59.75
2025-04-06 22:21:37.585916,59.71,59.75
2025-04-06 22:21:39.652185,59.73,59.78
2025-04-06 22:21:40.149201,59.71,59.75
2025-04-06 22:21:40.645910,59.72,59.76
2025-04-06 22:21:41.963645,59.72,59.75
2025-04-06 22:21:45.841158,59.72,59.76
2025-04-06 22:21:46.331879,59.71,59.76
2025-04-06 22:21:47.128384,59.69,59.73
2025-04-06 22:21:47.627092,59.69,59.74
2025-04-06 22:21:48.123283,59.69,59.73
2025-04-06 22:21:49.346826,59.71,59.76
2025-04-06 22:21:50.668908,59.71,59.75
2025-04-06 22:21:51.824759,59.7,59.73
2025-04-06 22:21:52.848928,59.7,59.74
2025-04-06 22:21:53.782711,59.7,59.73
2025-04-06 22:21:54.468072,59.71,59.76
2025-04-06 22:21:54.731669,59.7,59.73
2025-04-06 22:21:56.148688,59.69,59.73
2025-04-06 22:21:59.021556,59.71,59.76
2025-04-06 22:21:59.534011,59.67,59.72
2025-04-06 22:22:00.038868,59.69,59.72
2025-04-06 22:22:00.788032,59.65,59.7
2025-04-06 22:22:01.298572,59.65,59.69
2025-04-06 22:22:02.208134,59.65,59.7
2025-04-06 22:22:03.376128,59.65,59.69
2025-04-06 22:22:03.924302,59.67,59.72
2025-04-06 22:22:04.297847,59.64,59.7
2025-04-06 22:22:04.744837,59.65,59.69
2025-04-06 22:22:05.251818,59.63,59.68
2025-04-06 22:22:05.746404,59.63,59.67
2025-04-06 22:22:06.121205,59.64,59.67
2025-04-06 22:22:07.001941,59.65,59.7
2025-04-06 22:22:08.443253,59.63,59.67
2025-04-06 22:22:09.244175,59.63,59.68
2025-04-06 22:22:10.430772,59.67,59.7
2025-04-06 22:22:11.245958,59.66,59.71
2025-04-06 22:22:11.478104,59.68,59.72
2025-04-06 22:22:12.439690,59.67,59.72
2025-04-06 22:22:13.752514,59.67,59.7
2025-04-06 22:22:14.359951,59.64,59.68
2025-04-06 22:22:14.575579,59.66,59.72
2025-04-06 22:22:15.423473,59.63,59.68
2025-04-06 22:22:15.704782,59.61,59.64
2025-04-06 22:22:16.269873,59.59,59.65
2025-04-06 22:22:16.573230,59.61,59.67
2025-04-06 22:22:17.080789,59.61,59.65
2025-04-06 22:22:17.236698,59.62,59.67
2025-04-06 22:22:18.502611,59.61,59.67
2025-04-06 22:22:18.682071,59.61,59.66
2025-04-06 22:22:23.151406,59.6,59.64
2025-04-06 22:22:24.067308,59.6,59.63
2025-04-06 22:22:24.733903,59.57,59.62
2025-04-06 22:22:26.064991,59.61,59.64
2025-04-06 22:22:26.158794,59.61,59.65
2025-04-06 22:22:27.206148,59.61,59.64
2025-04-06 22:22:28.256768,59.59,59.65
2025-04-06 22:22:28.573396,59.6,59.65
2025-04-06 22:22:29.172313,59.57,59.63
2025-04-06 22:22:29.540362,59.57,59.6
2025-04-06 22:22:30.016720,59.57,59.61
2025-04-06 22:22:32.215914,59.58,59.63
2025-04-06 22:22:32.941131,59.58,59.64
2025-04-06 22:22:33.717437,59.58,59.62
2025-04-06 22:22:34.240318,59.56,59.62
2025-04-06 22:22:34.747710,59.58,59.63
2025-04-06 22:22:35.206745,59.56,59.61
2025-04-06 22:22:35.717647,59.57,59.62
2025-04-06 22:22:36.323575,59.58,59.63
2025-04-06 22:22:37.097102,59.57,59.62
2025-04-06 22:22:39.181401,59.56,59.62
2025-04-06 22:22:39.747836,59.59,59.65
2025-04-06 22:22:40.247413,59.58,59.65
2025-04-06 22:22:41.959323,59.6,59.64
2025-04-06 22:22:44.898985,59.59,59.64
2025-04-06 22:22:45.258436,59.58,59.64
2025-04-06 22:22:46.174829,59.59,59.64
2025-04-06 22:22:47.956675,59.59,59.62
2025-04-06 22:22:50.041165,59.58,59.65
2025-04-06 22:22:50.727385,59.57,59.64
2025-04-06 22:22:51.505496,59.58,59.62
2025-04-06 22:22:52.160911,59.61,59.67
2025-04-06 22:22:54.693369,59.59,59.66
2025-04-06 22:22:55.082621,59.61,59.68
2025-04-06 22:22:55.446260,59.61,59.64
2025-04-06 22:22:56.742730,59.61,59.69
2025-04-06 22:22:58.855252,59.6,59.64
2025-04-06 22:22:59.742190,59.6,59.63
2025-04-06 22:23:00.206312,59.61,59.66
2025-04-06 22:23:01.060326,59.58,59.62
2025-04-06 22:23:01.908595,59.6,59.63
2025-04-06 22:23:02.898414,59.59,59.64
2025-04-06 22:23:03.906060,59.57,59.6
2025-04-06 22:23:05.034068,59.57,59.61
2025-04-06 22:23:06.130098,59.59,59.65
2025-04-06 22:23:06.270521,59.61,59.66
2025-04-06 22:23:06.779777,59.6,59.65
2025-04-06 22:23:08.481345,59.59,59.63
2025-04-06 22:23:08.789318,59.61,59.64
2025-04-06 22:23:09.525853,59.57,59.6
2025-04-06 22:23:10.562883,59.56,59.63
2025-04-06 22:23:10.848103,59.56,59.62
2025-04-06 22:23:11.352262,59.56,59.61
2025-04-06 22:23:12.831131,59.59,59.62
2025-04-06 22:23:13.721678,59.57,59.61
2025-04-06 22:23:14.987804,59.58,59.63
2025-04-06 22:23:15.624203,59.56,59.6
2025-04-06 22:23:16.360798,59.55,59.59
2025-04-06 22:23:16.639259,59.56,59.59
2025-04-06 22:23:17.129525,59.57,59.62
2025-04-06 22:23:18.105981,59.54,59.59
2025-04-06 22:23:18.555761,59.57,59.62
2025-04-06 22:23:18.820624,59.58,59.63
2025-04-06 22:23:19.205606,59.56,59.63
2025-04-06 22:23:19.614696,59.61,59.65
2025-04-06 22:23:20.020610,59.62,59.66
2025-04-06 22:23:20.792781,59.6,59.66
2025-04-06 22:23:21.158809,59.59,59.65
2025-04-06 22:23:21.441354,59.56,59.61
2025-04-06 22:23:21.634249,59.55,59.61
2025-04-06 22:23:23.206670,59.6,59.63
2025-04-06 22:23:23.490346,59.57,59.62
2025-04-06 22:23:24.730250,59.55,59.59
2025-04-06 22:23:25.962924,59.56,59.61
2025-04-06 22:23:26.706728,59.56,59.65
2025-04-06 22:23:27.207469,59.57,59.65
2025-04-06 22:23:27.507115,59.56,59.62
2025-04-06 22:23:28.001489,59.57,59.62
2025-04-06 22:23:28.405534,59.56,59.62
2025-04-06 22:23:29.635002,59.53,59.6
2025-04-06 22:23:30.107154,59.55,59.6
2025-04-06 22:23:30.423302,59.53,59.58
2025-04-06 22:23:31.214177,59.55,59.61
2025-04-06 22:23:31.713197,59.57,59.61
2025-04-06 22:23:32.404922,59.55,59.6
2025-04-06 22:23:34.136484,59.55,59.59
2025-04-06 22:23:34.485180,59.52,59.58
2025-04-06 22:23:35.173850,59.53,59.58
2025-04-06 22:23:35.666546,59.54,59.6
2025-04-06 22:23:36.441997,59.53,59.57
2025-04-06 22:23:37.204104,59.55,59.6
2025-04-06 22:23:37.580327,59.54,59.57
2025-04-06 22:23:38.029074,59.53,59.57
2025-04-06 22:23:39.083116,59.56,59.59
2025-04-06 22:23:39.718162,59.56,59.6
2025-04-06 22:23:40.695081,59.53,59.58
2025-04-06 22:23:40.794929,59.56,59.6
2025-04-06 22:23:41.710198,59.56,59.59
2025-04-06 22:23:42.002335,59.54,59.58
2025-04-06 22:23:42.610559,59.55,59.6
2025-04-06 22:23:44.191179,59.54,59.57
2025-04-06 22:23:44.581770,59.55,59.59
2025-04-06 22:23:45.084973,59.56,59.59
2025-04-06 22:23:48.822576,59.53,59.58
2025-04-06 22:23:49.328167,59.55,59.58
2025-04-06 22:23:49.765881,59.53,59.57
2025-04-06 22:23:50.150722,59.55,59.6
2025-04-06 22:23:50.252231,59.55,59.59
2025-04-06 22:23:51.248214,59.54,59.58
2025-04-06 22:23:51.657788,59.55,59.59
2025-04-06 22:23:52.835572,59.53,59.56
2025-04-06 22:23:54.112449,59.58,59.61
2025-04-06 22:23:56.052641,59.54,59.6
2025-04-06 22:23:57.652832,59.55,59.61
2025-04-06 22:23:58.799768,59.54,59.59
2025-04-06 22:23:59.291746,59.57,59.61
2025-04-06 22:23:59.688632,59.57,59.6
2025-04-06 22:24:00.711607,59.54,59.59
2025-04-06 22:24:01.172121,59.58,59.61
2025-04-06 22:24:01.662998,59.56,59.59
2025-04-06 22:24:02.187357,59.55,59.59
2025-04-06 22:24:11.213567,59.56,59.59
2025-04-06 22:24:14.529896,59.57,59.61
2025-04-06 22:24:20.071955,59.56,59.59
2025-04-06 22:24:20.579080,59.56,59.61
2025-04-06 22:24:21.453869,59.58,59.62
2025-04-06 22:24:21.941281,59.59,59.66
2025-04-06 22:24:22.475823,59.61,59.65
2025-04-06 22:24:23.291564,59.58,59.62
2025-04-06 22:24:24.299117,59.58,59.65
2025-04-06 22:24:25.050236,59.59,59.65
2025-04-06 22:24:30.664436,59.57,59.66
2025-04-06 22:24:31.878312,59.55,59.61
2025-04-06 22:24:33.702658,59.55,59.6
2025-04-06 22:24:34.685718,59.54,59.6
2025-04-06 22:24:36.207170,59.54,59.59
2025-04-06 22:24:37.515519,59.59,59.63
2025-04-06 22:24:37.972869,59.6,59.66
2025-04-06 22:24:39.572810,59.63,59.71
2025-04-06 22:24:41.172572,59.63,59.67
2025-04-06 22:24:42.685728,59.63,59.68
2025-04-06 22:24:45.078902,59.62,59.67
2025-04-06 22:24:45.584116,59.63,59.67
2025-04-06 22:24:47.678778,59.62,59.67
2025-04-06 22:24:48.261836,59.62,59.69
2025-04-06 22:24:50.035456,59.65,59.71
2025-04-06 22:24:50.290664,59.62,59.66
2025-04-06 22:24:52.710204,59.63,59.69
2025-04-06 22:24:53.198876,59.61,59.69
2025-04-06 22:24:54.407668,59.61,59.68
2025-04-06 22:24:56.398558,59.63,59.68
2025-04-06 22:24:58.363920,59.67,59.7
2025-04-06 22:24:59.862513,59.74,59.78
2025-04-06 22:25:00.303521,59.75,59.78
2025-04-06 22:25:00.430011,59.8,59.88
2025-04-06 22:25:00.921993,59.77,59.83
2025-04-06 22:25:01.295345,59.74,59.83
2025-04-06 22:25:01.921013,59.83,59.89
2025-04-06 22:25:02.273345,59.82,59.88
2025-04-06 22:25:02.946117,59.8,59.87
2025-04-06 22:25:03.156441,59.82,59.9
2025-04-06 22:25:04.174811,59.85,59.92
2025-04-06 22:25:04.504189,59.83,59.87
2025-04-06 22:25:05.145540,59.82,59.9
2025-04-06 22:25:05.680029,59.84,59.91
2025-04-06 22:25:06.186537,59.85,59.89
2025-04-06 22:25:06.800250,59.83,59.9
2025-04-06 22:25:07.170834,59.86,59.91
2025-04-06 22:25:07.675172,59.87,59.92
2025-04-06 22:25:08.364846,59.85,59.92
2025-04-06 22:25:08.577666,59.94,59.97
2025-04-06 22:25:10.019991,59.93,59.98
2025-04-06 22:25:10.778846,59.94,59.98
2025-04-06 22:25:11.868779,59.94,59.97
2025-04-06 22:25:12.317682,59.89,59.92
2025-04-06 22:25:12.559086,59.87,59.92
2025-04-06 22:25:12.896441,59.85,59.89
2025-04-06 22:25:13.405842,59.88,59.93
2025-04-06 22:25:14.376836,59.85,59.91
2025-04-06 22:25:14.525622,59.87,59.91
2025-04-06 22:25:14.861443,59.85,59.89
2025-04-06 22:25:16.010203,59.86,59.92
2025-04-06 22:25:17.782031,59.84,59.92
2025-04-06 22:25:18.682701,59.85,59.91
2025-04-06 22:25:19.360767,59.84,59.89
2025-04-06 22:25:20.907503,59.84,59.91
2025-04-06 22:25:21.566503,59.87,59.9
2025-04-06 22:25:23.070982,59.84,59.89
2025-04-06 22:25:23.519172,59.88,59.92
2025-04-06 22:25:25.080498,59.9,59.93
2025-04-06 22:25:25.110334,59.89,59.92
2025-04-06 22:25:26.284927,59.93,59.96
2025-04-06 22:25:28.048703,59.89,59.93
2025-04-06 22:25:28.926106,59.92,59.95
2025-04-06 22:25:29.962420,59.9,59.93
2025-04-06 22:25:30.868040,59.94,59.97
2025-04-06 22:25:31.170306,59.89,59.95
2025-04-06 22:25:33.397015,59.92,59.95
2025-04-06 22:25:34.249694,59.91,59.95
2025-04-06 22:25:34.810433,59.9,59.93
2025-04-06 22:25:35.064976,59.9,59.94
2025-04-06 22:25:36.447508,59.89,59.94
2025-04-06 22:25:36.947809,59.88,59.94
2025-04-06 22:25:38.085682,59.89,59.94
2025-04-06 22:25:38.584117,59.92,59.96
2025-04-06 22:25:39.314773,59.9,59.95
2025-04-06 22:25:40.039457,59.92,59.96
2025-04-06 22:25:40.537563,59.89,59.94
2025-04-06 22:25:41.597166,59.89,59.92
2025-04-06 22:25:42.107804,59.92,59.95
2025-04-06 22:25:42.319922,59.89,59.95
2025-04-06 22:25:44.478471,59.86,59.92
2025-04-06 22:25:45.149494,59.86,59.9
2025-04-06 22:25:47.725122,59.85,59.89
2025-04-06 22:25:50.673250,59.87,59.92
2025-04-06 22:25:51.292295,59.87,59.93
2025-04-06 22:25:52.005956,59.88,59.94
2025-04-06 22:25:52.523906,59.91,59.97
2025-04-06 22:25:53.168012,59.91,59.96
2025-04-06 22:25:54.856668,59.89,59.94
2025-04-06 22:25:56.030742,59.92,59.96
2025-04-06 22:25:57.095390,59.91,59.96
2025-04-06 22:25:58.843295,59.89,59.95
2025-04-06 22:26:00.949449,59.93,59.96
2025-04-06 22:26:01.454369,59.92,59.97
2025-04-06 22:26:01.861352,59.92,59.96
2025-04-06 22:26:03.209927,59.89,59.94
2025-04-06 22:26:04.393343,59.9,59.94
2025-04-06 22:26:05.524684,59.91,59.96
2025-04-06 22:26:07.106878,59.92,59.96
2025-04-06 22:26:07.509760,59.9,59.95
2025-04-06 22:26:08.279375,59.91,59.97
2025-04-06 22:26:09.944028,59.89,59.94
2025-04-06 22:26:11.611903,59.93,59.97
2025-04-06 22:26:12.429290,59.9,59.95
2025-04-06 22:26:14.010131,59.89,59.94
2025-04-06 22:26:15.072000,59.92,59.96
2025-04-06 22:26:15.485675,59.91,59.95
2025-04-06 22:26:20.687170,59.89,59.92
2025-04-06 22:26:22.380145,59.9,59.95
2025-04-06 22:26:22.801710,59.91,59.95
2025-04-06 22:26:24.170330,59.88,59.93
2025-04-06 22:26:26.596330,59.86,59.91
2025-04-06 22:26:26.989382,59.85,59.91
2025-04-06 22:26:27.582160,59.87,59.92
2025-04-06 22:26:30.412027,59.87,59.9
2025-04-06 22:26:30.788134,59.89,59.93
2025-04-06 22:26:33.879376,59.88,59.91
2025-04-06 22:26:35.233345,59.89,59.93
2025-04-06 22:26:36.420767,59.89,59.92
2025-04-06 22:26:37.014441,59.88,59.91
2025-04-06 22:26:43.326385,59.87,59.92
2025-04-06 22:26:43.823567,59.87,59.9
2025-04-06 22:26:44.289308,59.88,59.92
2025-04-06 22:26:44.684640,59.89,59.95
2025-04-06 22:26:46.469415,59.91,59.95
2025-04-06 22:26:46.943667,59.9,59.96
2025-04-06 22:26:47.094235,59.89,59.94
2025-04-06 22:26:47.725250,59.92,59.96
2025-04-06 22:26:53.290023,59.89,59.92
2025-04-06 22:26:53.880413,59.92,59.95
2025-04-06 22:26:54.713827,59.9,59.96
2025-04-06 22:26:56.318808,59.87,59.91
2025-04-06 22:26:56.690917,59.89,59.92
2025-04-06 22:26:56.859838,59.85,59.91
2025-04-06 22:26:57.118644,59.84,59.89
2025-04-06 22:26:59.205741,59.84,59.88
2025-04-06 22:26:59.704378,59.87,59.91
2025-04-06 22:27:02.565400,59.85,59.88
2025-04-06 22:27:03.642378,59.87,59.92
2025-04-06 22:27:04.207315,59.87,59.91
2025-04-06 22:27:07.961335,59.83,59.88
2025-04-06 22:27:08.826764,59.84,59.87
2025-04-06 22:27:10.087957,59.85,59.89
2025-04-06 22:27:10.441260,59.83,59.88
2025-04-06 22:27:11.934580,59.85,59.89
2025-04-06 22:27:16.224564,59.87,59.9
2025-04-06 22:27:23.200567,59.84,59.89
2025-04-06 22:27:27.412376,59.83,59.86
2025-04-06 22:27:29.114860,59.83,59.87
2025-04-06 22:27:29.907598,59.82,59.87
2025-04-06 22:27:34.680785,59.82,59.85
2025-04-06 22:27:37.265742,59.8,59.86
2025-04-06 22:27:37.763163,59.83,59.87
2025-04-06 22:27:38.043717,59.8,59.85
2025-04-06 22:27:38.549460,59.81,59.85
2025-04-06 22:27:39.058374,59.82,59.85
2025-04-06 22:27:39.556134,59.84,59.88
2025-04-06 22:27:41.035734,59.83,59.86
2025-04-06 22:27:41.732837,59.83,59.87
2025-04-06 22:27:42.493881,59.84,59.89
2025-04-06 22:27:43.582011,59.82,59.85
2025-04-06 22:27:44.133035,59.84,59.9
2025-04-06 22:27:44.404785,59.79,59.85
2025-04-06 22:27:45.927403,59.78,59.82
2025-04-06 22:27:47.010663,59.8,59.83
2025-04-06 22:27:50.567255,59.78,59.83
2025-04-06 22:27:51.146067,59.84,59.87
2025-04-06 22:27:52.360731,59.82,59.85
2025-04-06 22:27:53.912597,59.8,59.84
2025-04-06 22:27:54.946671,59.8,59.85
2025-04-06 22:27:56.424622,59.82,59.86
2025-04-06 22:27:57.303410,59.84,59.87
2025-04-06 22:27:57.807377,59.85,59.88
2025-04-06 22:27:58.809071,59.84,59.89
2025-04-06 22:27:59.809893,59.84,59.87
2025-04-06 22:28:00.892827,59.84,59.88
2025-04-06 22:28:02.322579,59.83,59.88
2025-04-06 22:28:03.458333,59.85,59.9
2025-04-06 22:28:04.221957,59.85,59.89
2025-04-06 22:28:08.089819,59.84,59.88
2025-04-06 22:28:09.813283,59.87,59.9
2025-04-06 22:28:10.232729,59.86,59.9
2025-04-06 22:28:11.162332,59.87,59.9
2025-04-06 22:28:11.426810,59.86,59.89
2025-04-06 22:28:11.965478,59.86,59.91
2025-04-06 22:28:12.460770,59.85,59.91
2025-04-06 22:28:13.516527,59.84,59.89
2025-04-06 22:28:17.207711,59.86,59.9
2025-04-06 22:28:18.871033,59.83,59.88
2025-04-06 22:28:21.985505,59.84,59.89
2025-04-06 22:28:22.265894,59.85,59.89
2025-04-06 22:28:22.485219,59.86,59.91
2025-04-06 22:28:22.928030,59.87,59.91
2025-04-06 22:28:24.004982,59.88,59.91
2025-04-06 22:28:24.850840,59.85,59.91
2025-04-06 22:28:25.681013,59.87,59.9
2025-04-06 22:28:29.947639,59.86,59.91
2025-04-06 22:28:30.314698,59.89,59.93
2025-04-06 22:28:31.083475,59.87,59.91
2025-04-06 22:28:32.425590,59.87,59.93
2025-04-06 22:28:34.174003,59.88,59.93
2025-04-06 22:28:34.824098,59.86,59.89
2025-04-06 22:28:39.032679,59.85,59.91
2025-04-06 22:28:39.890509,59.89,59.92
2025-04-06 22:28:41.700687,59.88,59.93
2025-04-06 22:28:43.149770,59.87,59.93
2025-04-06 22:28:45.981633,59.89,59.93
2025-04-06 22:28:46.400075,59.88,59.92
2025-04-06 22:28:46.612628,59.9,59.95
2025-04-06 22:28:48.443760,59.87,59.93
2025-04-06 22:28:49.435253,59.88,59.93
2025-04-06 22:28:50.097041,59.9,59.94
2025-04-06 22:28:50.780233,59.88,59.93
2025-04-06 22:28:51.494275,59.88,59.92
2025-04-06 22:28:52.161356,59.9,59.95
2025-04-06 22:28:57.694046,59.92,59.95
2025-04-06 22:28:59.414447,59.92,59.96
2025-04-06 22:29:03.696596,59.91,59.95
2025-04-06 22:29:08.018367,59.89,59.92
2025-04-06 22:29:11.718588,59.92,59.95
2025-04-06 22:29:14.218041,59.89,59.93
2025-04-06 22:29:15.033717,59.91,59.94
2025-04-06 22:29:15.521344,59.89,59.93
2025-04-06 22:29:16.464352,59.9,59.93
2025-04-06 22:29:17.920579,59.91,59.94
2025-04-06 22:29:19.683737,59.92,59.95
2025-04-06 22:29:20.180965,59.9,59.94
2025-04-06 22:29:20.684936,59.89,59.93
2025-04-06 22:29:23.473601,59.9,59.93
2025-04-06 22:29:23.988978,59.91,59.95
2025-04-06 22:29:24.501450,59.92,59.95
2025-04-06 22:29:28.189594,59.89,59.93
2025-04-06 22:29:29.408136,59.89,59.92
2025-04-06 22:29:30.144518,59.88,59.92
2025-04-06 22:29:31.181264,59.89,59.93
2025-04-06 22:29:34.922961,59.91,59.94
2025-04-06 22:29:35.729032,59.89,59.92
2025-04-06 22:29:38.573449,59.9,59.94
2025-04-06 22:29:40.190087,59.91,59.95
2025-04-06 22:29:40.381110,59.91,59.94
2025-04-06 22:29:41.508340,59.92,59.95
2025-04-06 22:29:43.707181,59.89,59.93
2025-04-06 22:29:45.475048,59.9,59.93
2025-04-06 22:29:45.916195,59.91,59.94
2025-04-06 22:29:46.348209,59.91,59.95
2025-04-06 22:29:46.798025,59.89,59.92
2025-04-06 22:29:48.008990,59.91,59.94
2025-04-06 22:29:49.085503,59.91,59.95
2025-04-06 22:29:50.570812,59.91,59.94
2025-04-06 22:29:53.038040,59.9,59.93
2025-04-06 22:29:58.911594,59.91,59.94
2025-04-06 22:30:00.078831,59.91,59.96
2025-04-06 22:30:00.572125,59.95,59.98
2025-04-06 22:30:01.556555,59.95,59.99
2025-04-06 22:30:01.832118,59.96,60.0
2025-04-06 22:30:02.308832,59.93,59.97
2025-04-06 22:30:02.845522,59.95,60.0
2025-04-06 22:30:03.875010,59.92,59.96
2025-04-06 22:30:05.237165,59.92,59.97
2025-04-06 22:30:06.624926,59.92,59.99
2025-04-06 22:30:07.064845,59.92,59.95
2025-04-06 22:30:10.730664,59.92,59.96
2025-04-06 22:30:11.083099,59.92,59.97
2025-04-06 22:30:13.580062,59.96,60.01
2025-04-06 22:30:17.160248,59.96,60.0
2025-04-06 22:30:17.557338,59.94,59.99
2025-04-06 22:30:21.223536,59.95,59.99
2025-04-06 22:30:21.876411,59.96,60.0
2025-04-06 22:30:22.856387,59.95,59.98
2025-04-06 22:30:23.710828,59.94,59.98
2025-04-06 22:30:24.430256,59.95,59.98
2025-04-06 22:30:24.792723,59.96,60.01
2025-04-06 22:30:25.444715,59.95,59.99
2025-04-06 22:30:26.195752,59.95,60.0
2025-04-06 22:30:28.079028,59.93,59.97
2025-04-06 22:30:28.499152,59.94,59.97
2025-04-06 22:30:29.528547,59.94,59.98
2025-04-06 22:30:30.682124,59.95,60.0
2025-04-06 22:30:30.892388,59.94,59.97
2025-04-06 22:30:31.865718,59.92,59.96
2025-04-06 22:30:32.372421,59.92,59.95
2025-04-06 22:30:33.225690,59.9,59.95
2025-04-06 22:30:34.993843,59.94,59.97
2025-04-06 22:30:35.317677,59.92,59.96
2025-04-06 22:30:36.213408,59.94,59.97
2025-04-06 22:30:38.462270,59.93,59.98
2025-04-06 22:30:39.206816,59.91,59.96
2025-04-06 22:30:42.056035,59.96,59.99
2025-04-06 22:30:42.993091,59.96,60.01
2025-04-06 22:30:43.544875,59.93,59.99
2025-04-06 22:30:44.494838,59.94,59.99
2025-04-06 22:30:54.701601,59.95,60.0
2025-04-06 22:30:54.897854,59.89,59.94
2025-04-06 22:30:55.773836,59.91,59.95
2025-04-06 22:30:56.210725,59.88,59.92
2025-04-06 22:30:58.138743,59.91,59.94
2025-04-06 22:30:58.980036,59.89,59.94
2025-04-06 22:30:59.577594,59.92,59.95
2025-04-06 22:31:00.406713,59.93,59.96
2025-04-06 22:31:01.026060,59.92,59.95
2025-04-06 22:31:01.265835,59.93,59.97
2025-04-06 22:31:01.527542,59.92,59.95
2025-04-06 22:31:04.909892,59.94,59.99
2025-04-06 22:31:05.144808,59.92,59.96
2025-04-06 22:31:05.829886,59.94,59.99
2025-04-06 22:31:06.111525,59.92,59.96
2025-04-06 22:31:06.883332,59.93,59.97
2025-04-06 22:31:09.630966,59.94,59.97
2025-04-06 22:31:10.581686,59.93,59.98
2025-04-06 22:31:11.084546,59.93,59.97
2025-04-06 22:31:11.413956,59.94,59.97
2025-04-06 22:31:11.949959,59.92,59.97
2025-04-06 22:31:12.264069,59.93,59.98
2025-04-06 22:31:12.829091,59.9,59.95
2025-04-06 22:31:14.993976,59.91,59.95
2025-04-06 22:31:15.497433,59.94,59.97
2025-04-06 22:31:16.239302,59.93,59.96
2025-04-06 22:31:17.808627,59.92,59.97
2025-04-06 22:31:18.082404,59.92,59.95
2025-04-06 22:31:19.506418,59.91,59.95
2025-04-06 22:31:21.538064,59.93,59.96
2025-04-06 22:31:24.959442,59.91,59.97
2025-04-06 22:31:26.588132,59.91,59.95
2025-04-06 22:31:28.500582,59.92,59.97
2025-04-06 22:31:30.378559,59.92,59.96
2025-04-06 22:31:30.861900,59.92,59.97
2025-04-06 22:31:35.494692,59.95,59.99
2025-04-06 22:31:37.825732,59.96,60.0
2025-04-06 22:31:38.572510,59.93,59.98
2025-04-06 22:31:38.836800,59.96,60.0
2025-04-06 22:31:39.837337,59.93,59.96
2025-04-06 22:31:40.356547,59.92,59.97
2025-04-06 22:31:40.854518,59.95,59.99
2025-04-06 22:31:40.989151,59.93,59.98
2025-04-06 22:31:41.412782,59.96,60.0
2025-04-06 22:31:41.945405,59.93,59.98
2025-04-06 22:31:42.230528,59.94,59.99
2025-04-06 22:31:42.425141,60.02,60.06
2025-04-06 22:31:44.313199,59.99,60.03
2025-04-06 22:31:44.798834,60.0,60.03
2025-04-06 22:31:44.894698,59.99,60.04
2025-04-06 22:31:45.894237,60.02,60.06
2025-04-06 22:31:47.235880,60.01,60.05
2025-04-06 22:31:47.511552,59.99,60.04
2025-04-06 22:31:48.504087,59.98,60.03
2025-04-06 22:31:51.928880,59.99,60.02
2025-04-06 22:31:53.792251,60.0,60.05
2025-04-06 22:31:53.963444,59.99,60.04
2025-04-06 22:31:56.667940,59.96,59.99
2025-04-06 22:31:57.499221,59.96,60.01
2025-04-06 22:32:03.628476,59.95,59.98
2025-04-06 22:32:04.630901,59.98,60.01
2025-04-06 22:32:05.315507,59.98,60.03
2025-04-06 22:32:07.003355,60.0,60.05
2025-04-06 22:32:07.146082,59.98,60.02
2025-04-06 22:32:07.534380,60.0,60.04
2025-04-06 22:32:08.179683,59.98,60.01
2025-04-06 22:32:08.530232,59.99,60.02
2025-04-06 22:32:08.810638,60.0,60.04
2025-04-06 22:32:10.323479,60.01,60.05
2025-04-06 22:32:11.500186,59.99,60.02
2025-04-06 22:32:12.087751,59.98,60.02
2025-04-06 22:32:13.665168,60.0,60.05
2025-04-06 22:32:15.082879,60.0,60.04
2025-04-06 22:32:15.643518,60.01,60.04
2025-04-06 22:32:16.150674,60.01,60.05
2025-04-06 22:32:21.410087,59.98,60.03
2025-04-06 22:32:21.862322,59.99,60.03
2025-04-06 22:32:22.855179,59.98,60.03
2025-04-06 22:32:24.221409,59.99,60.03
2025-04-06 22:32:30.036542,60.0,60.05
2025-04-06 22:32:30.857507,59.98,60.01
2025-04-06 22:32:32.492849,60.0,60.03
2025-04-06 22:32:35.290361,59.98,60.04
2025-04-06 22:32:36.692588,59.99,60.06
2025-04-06 22:32:37.028270,59.98,60.03
2025-04-06 22:32:38.997356,59.99,60.02
2025-04-06 22:32:39.361764,59.98,60.02
2025-04-06 22:32:41.879798,60.0,60.04
2025-04-06 22:32:42.929977,59.98,60.01
2025-04-06 22:32:45.292148,59.99,60.04
2025-04-06 22:32:45.522814,59.99,60.02
2025-04-06 22:32:46.032671,59.97,60.01
2025-04-06 22:32:50.562020,60.0,60.03
2025-04-06 22:32:51.949877,59.99,60.04
2025-04-06 22:32:53.044871,59.99,60.02
2025-04-06 22:32:53.723900,59.99,60.04
2025-04-06 22:32:54.237268,60.0,60.04
2025-04-06 22:33:00.512515,59.99,60.02
2025-04-06 22:33:02.161299,59.97,60.02
2025-04-06 22:33:05.035849,59.96,60.0
2025-04-06 22:33:05.307952,59.96,59.99
2025-04-06 22:33:10.670267,59.97,60.0
2025-04-06 22:33:11.522277,59.96,59.99
2025-04-06 22:33:12.869800,59.99,60.02
2025-04-06 22:33:13.365001,59.97,60.01
2025-04-06 22:33:16.476528,60.0,60.04
2025-04-06 22:33:19.420041,60.01,60.04
2025-04-06 22:33:28.930967,60.0,60.03
2025-04-06 22:33:29.926183,60.01,60.04
2025-04-06 22:33:32.987317,59.99,60.03
2025-04-06 22:33:33.694399,59.99,60.04
2025-04-06 22:33:34.470255,59.99,60.05
2025-04-06 22:33:37.225479,59.99,60.07
2025-04-06 22:33:39.098252,60.02,60.07
2025-04-06 22:33:42.606607,60.02,60.09
2025-04-06 22:33:43.512679,60.05,60.09
2025-04-06 22:33:45.599165,60.05,60.1
2025-04-06 22:33:46.076965,60.03,60.09
2025-04-06 22:33:46.472659,60.04,60.08
2025-04-06 22:33:49.195421,60.05,60.1
2025-04-06 22:33:49.578223,60.03,60.07
2025-04-06 22:33:50.358893,60.04,60.09
2025-04-06 22:33:51.023336,60.04,60.07
2025-04-06 22:33:51.189313,60.07,60.1
2025-04-06 22:33:52.858145,60.05,60.09
2025-04-06 22:33:53.925589,60.06,60.11
2025-04-06 22:33:54.603169,60.06,60.1
2025-04-06 22:33:57.411209,60.05,60.08
2025-04-06 22:33:58.042435,60.06,60.1
2025-04-06 22:33:58.818325,60.03,60.07
2025-04-06 22:33:59.772673,60.04,60.07
2025-04-06 22:34:01.220890,60.01,60.04
2025-04-06 22:34:01.976006,60.01,60.07
2025-04-06 22:34:03.683844,60.03,60.08
2025-04-06 22:34:07.173870,60.0,60.06
2025-04-06 22:34:09.728558,60.03,60.09
2025-04-06 22:34:11.019099,60.04,60.07
2025-04-06 22:34:12.749637,60.03,60.09
2025-04-06 22:34:14.831462,60.01,60.06
2025-04-06 22:34:16.020817,60.05,60.1
2025-04-06 22:34:17.110381,60.02,60.06
2025-04-06 22:34:18.722912,60.03,60.07
2025-04-06 22:34:21.170293,60.03,60.08
2025-04-06 22:34:21.496032,60.04,60.07
2025-04-06 22:34:22.719329,60.05,60.08
2025-04-06 22:34:25.593849,60.03,60.08
2025-04-06 22:34:27.968233,60.03,60.06
2025-04-06 22:34:28.841599,60.04,60.09
2025-04-06 22:34:30.165335,60.05,60.08
2025-04-06 22:34:31.669175,60.04,60.08
2025-04-06 22:34:37.699147,60.02,60.05
2025-04-06 22:34:38.509954,60.02,60.06
2025-04-06 22:34:44.535939,60.03,60.09
2025-04-06 22:34:45.547419,60.04,60.1
2025-04-06 22:34:46.048354,60.06,60.1
2025-04-06 22:34:47.519709,60.06,60.11
2025-04-06 22:34:49.116729,60.06,60.1
2025-04-06 22:34:50.479320,60.05,60.11
2025-04-06 22:34:51.977104,60.02,60.06
2025-04-06 22:34:52.484968,60.03,60.06
2025-04-06 22:34:53.745837,60.03,60.07
2025-04-06 22:34:54.657600,60.03,60.06
2025-04-06 22:34:55.601867,60.05,60.09
2025-04-06 22:34:56.499745,60.04,60.09
2025-04-06 22:34:56.999433,60.06,60.09
2025-04-06 22:34:57.245194,60.07,60.1
2025-04-06 22:34:59.035385,60.07,60.12
2025-04-06 22:34:59.825722,60.09,60.12
2025-04-06 22:35:00.195948,60.08,60.12
2025-04-06 22:35:01.576833,60.07,60.12
2025-04-06 22:35:02.490684,60.05,60.08
2025-04-06 22:35:02.811341,60.07,60.11
2025-04-06 22:35:04.508830,60.09,60.12
2025-04-06 22:35:04.912122,60.1,60.15
2025-04-06 22:35:06.972415,60.11,60.16
2025-04-06 22:35:07.428087,60.06,60.09
2025-04-06 22:35:10.319180,60.05,60.09
2025-04-06 22:35:11.794529,60.03,60.08
2025-04-06 22:35:13.982736,59.99,60.03
2025-04-06 22:35:19.995849,60.01,60.06
2025-04-06 22:35:21.151989,59.99,60.03
2025-04-06 22:35:22.153866,59.98,60.03
2025-04-06 22:35:27.006125,60.01,60.04
2025-04-06 22:35:30.144018,59.99,60.05
2025-04-06 22:35:31.830430,60.0,60.05
2025-04-06 22:35:33.206097,59.99,60.03
2025-04-06 22:35:36.550317,59.99,60.04
2025-04-06 22:35:38.951067,60.01,60.06
2025-04-06 22:35:39.386854,60.01,60.04
2025-04-06 22:35:44.456743,60.02,60.06
2025-04-06 22:35:46.139814,60.02,60.07
2025-04-06 22:35:50.803976,60.03,60.06
2025-04-06 22:35:51.069850,60.04,60.07
2025-04-06 22:35:58.911963,60.03,60.06
2025-04-06 22:36:01.701789,60.01,60.05
2025-04-06 22:36:02.303311,60.01,60.06
2025-04-06 22:36:06.321359,60.01,60.05
2025-04-06 22:36:06.691561,60.03,60.08
2025-04-06 22:36:07.574757,60.04,60.09
2025-04-06 22:36:13.233204,60.05,60.1
2025-04-06 22:36:14.217577,60.03,60.08
2025-04-06 22:36:16.725280,60.05,60.09
2025-04-06 22:36:19.791809,60.04,60.09
2025-04-06 22:36:20.822676,60.01,60.04
2025-04-06 22:36:33.917458,60.0,60.06
2025-04-06 22:36:35.341244,60.02,60.07
2025-04-06 22:36:38.755750,60.02,60.06
2025-04-06 22:36:39.739408,60.0,60.04
2025-04-06 22:36:41.529217,60.02,60.05
2025-04-06 22:36:44.275645,59.99,60.05
2025-04-06 22:36:45.332698,60.02,60.07
2025-04-06 22:36:46.143971,59.98,60.03
2025-04-06 22:36:47.869383,59.98,60.02
2025-04-06 22:36:48.568927,60.0,60.04
2025-04-06 22:36:48.976871,59.99,60.02
2025-04-06 22:36:54.180055,60.0,60.05
2025-04-06 22:36:54.682626,59.96,60.0
2025-04-06 22:36:58.317109,59.95,60.0
2025-04-06 22:36:58.593710,59.95,59.99
2025-04-06 22:37:03.658809,59.97,60.0
2025-04-06 22:37:05.031938,59.99,60.04
2025-04-06 22:37:06.036216,60.0,60.04
2025-04-06 22:37:06.973754,60.03,60.08
2025-04-06 22:37:07.394332,60.04,60.08
2025-04-06 22:37:08.365442,60.05,60.08
2025-04-06 22:43:44.792538,59.89,59.92
2025-04-06 22:43:45.986214,59.91,59.94
2025-04-06 22:43:46.798530,59.88,59.92
2025-04-06 22:43:47.580655,59.87,59.9
2025-04-06 22:43:48.344680,59.91,59.94
2025-04-06 22:43:52.094578,59.93,59.96
2025-04-06 22:43:52.921044,59.91,59.95
2025-04-06 22:43:54.672424,59.91,59.97
2025-04-06 22:43:55.137303,59.92,59.97
2025-04-06 22:43:55.840330,59.91,59.97
2025-04-06 22:43:57.395876,59.88,59.93
2025-04-06 22:44:00.131993,59.91,59.95
2025-04-06 22:44:00.701277,59.91,59.94
2025-04-06 22:44:01.809898,59.93,59.97
2025-04-06 22:44:03.801768,59.92,59.97
2025-04-06 22:44:13.360016,59.89,59.95
2025-04-06 22:44:21.419704,59.91,59.95
2025-04-06 22:44:23.397621,59.91,59.97
2025-04-06 22:44:28.606329,59.92,59.95
2025-04-06 22:44:29.058657,59.89,59.92
2025-04-06 22:44:32.691336,59.88,59.91
2025-04-06 22:44:33.066149,59.87,59.91
2025-04-06 22:44:35.488121,59.88,59.91
2025-04-06 22:44:36.638448,59.88,59.92
2025-04-06 22:44:36.965648,59.9,59.93
2025-04-06 22:44:37.743076,59.92,59.95
2025-04-06 22:44:39.570387,59.91,59.95
2025-04-06 22:44:39.866549,59.9,59.95
2025-04-06 22:44:45.015325,59.9,59.94
2025-04-06 22:44:48.418601,59.91,59.94
2025-04-06 22:44:49.614929,59.9,59.95
2025-04-06 22:44:50.096914,59.87,59.92
2025-04-06 22:44:51.723432,59.87,59.9
2025-04-06 22:44:52.384962,59.86,59.9
2025-04-06 22:44:56.320242,59.89,59.92
2025-04-06 22:44:57.183564,59.88,59.91
2025-04-06 22:44:58.200565,59.89,59.93
2025-04-06 22:44:58.681284,59.9,59.93
2025-04-06 22:44:59.121324,59.91,59.94
2025-04-06 22:45:02.497278,59.91,59.95
2025-04-06 22:45:10.753685,59.9,59.93
2025-04-06 22:45:11.617856,59.91,59.96
2025-04-06 22:45:17.464803,59.91,59.95
2025-04-06 22:45:21.789957,59.9,59.93
2025-04-06 22:45:24.868699,59.92,59.95
2025-04-06 22:45:25.897427,59.89,59.93
2025-04-06 22:45:26.346035,59.91,59.94
2025-04-06 22:45:27.512216,59.94,59.97
2025-04-06 22:45:30.023985,59.91,59.97
2025-04-06 22:45:30.915534,59.9,59.95
2025-04-06 22:45:32.593266,59.92,59.98
2025-04-06 22:45:35.726922,59.92,59.96
2025-04-06 22:45:41.142098,59.91,59.97
2025-04-06 22:45:41.653467,59.91,59.94
2025-04-06 22:45:42.500502,59.95,59.98
2025-04-06 22:45:47.340276,59.93,59.97
2025-04-06 22:45:50.412629,59.9,59.95
2025-04-06 22:45:50.924502,59.89,59.94
2025-04-06 22:45:51.523607,59.89,59.93
2025-04-06 22:45:52.073675,59.93,59.96
2025-04-06 22:45:52.773526,59.9,59.93
2025-04-06 22:45:53.628331,59.91,59.94
2025-04-06 22:45:54.351674,59.89,59.93
2025-04-06 22:45:56.569864,59.92,59.95
2025-04-06 22:45:57.838135,59.92,59.96
2025-04-06 22:45:58.822811,59.92,59.97
2025-04-06 22:46:00.093859,59.91,59.94
2025-04-06 22:46:01.075755,59.92,59.95
2025-04-06 22:46:02.240503,59.9,59.95
2025-04-06 22:46:13.778571,59.91,59.97
2025-04-06 22:46:14.273224,59.92,59.97
2025-04-06 22:46:14.769507,59.92,59.96
2025-04-06 22:46:20.798745,59.9,59.93
2025-04-06 22:46:21.597632,59.89,59.92
2025-04-06 22:46:25.264012,59.9,59.94
2025-04-06 22:46:28.309603,59.87,59.92
2025-04-06 22:46:32.398681,59.9,59.93
2025-04-06 22:46:33.362099,59.9,59.95
2025-04-06 22:46:34.408500,59.92,59.96
2025-04-06 22:46:35.086966,59.92,59.95
2025-04-06 22:46:36.701519,59.9,59.95
2025-04-06 22:46:43.247497,59.92,59.95
2025-04-06 22:46:43.364146,59.91,59.95
2025-04-06 22:46:44.450106,59.9,59.93
2025-04-06 22:46:52.198290,59.94,59.97
2025-04-06 22:46:53.098458,59.92,59.97
2025-04-06 22:46:53.450535,59.91,59.95
2025-04-06 22:46:55.395422,59.93,59.96
2025-04-06 22:46:56.741987,59.9,59.96
2025-04-06 22:46:57.440469,59.88,59.92
2025-04-06 22:47:01.561425,59.86,59.91
2025-04-06 22:47:02.005755,59.88,59.92
2025-04-06 22:47:03.727939,59.9,59.93
2025-04-06 22:47:10.417956,59.93,59.96
2025-04-06 22:47:18.275177,59.89,59.94
2025-04-06 22:47:19.380668,59.92,59.97
2025-04-06 22:47:21.151911,59.93,59.97
2025-04-06 22:47:22.048759,59.93,59.96
2025-04-06 22:47:23.052788,59.92,59.95
2025-04-06 22:47:23.601041,59.94,59.99
2025-04-06 22:47:35.293544,59.94,59.99
2025-04-06 22:47:40.987965,59.93,59.97
2025-04-06 22:47:42.303848,59.94,59.98
2025-04-06 22:47:44.331668,59.91,59.96
2025-04-06 22:47:46.003900,59.91,59.95
2025-04-06 22:47:46.761839,59.9,59.94
2025-04-06 22:47:47.442502,59.9,59.93
2025-04-06 22:47:48.363448,59.89,59.93
2025-04-06 22:47:49.176805,59.86,59.9
2025-04-06 22:47:54.165883,59.9,59.93
2025-04-06 22:47:55.841222,59.91,59.94
2025-04-06 22:47:56.543575,59.93,59.96
2025-04-06 22:48:00.385359,59.91,59.96
2025-04-06 22:48:03.622854,59.91,59.95
2025-04-06 22:48:03.953008,59.9,59.95
2025-04-06 22:48:04.248868,59.86,59.9
2025-04-06 22:48:07.680739,59.88,59.91
2025-04-06 22:48:08.880896,59.9,59.93
2025-04-06 22:48:12.599426,59.88,59.93
2025-04-06 22:48:13.099813,59.86,59.9
2025-04-06 22:48:14.413390,59.83,59.87
2025-04-06 22:48:15.184123,59.84,59.89
2025-04-06 22:48:15.412488,59.84,59.9
2025-04-06 22:48:16.362861,59.88,59.91
2025-04-06 22:48:19.537411,59.87,59.91
2025-04-06 22:48:22.986767,59.88,59.93
2025-04-06 22:48:25.425509,59.89,59.92
2025-04-06 22:48:31.483701,59.92,59.95
2025-04-06 22:48:36.988676,59.85,59.91
2025-04-06 22:48:38.098399,59.86,59.89
2025-04-06 22:48:42.566683,59.86,59.9
2025-04-06 22:48:43.363424,59.87,59.92
2025-04-06 22:48:44.942303,59.86,59.89
2025-04-06 22:48:45.835125,59.87,59.92
2025-04-06 22:48:46.916353,59.84,59.89
2025-04-06 22:48:47.201838,59.87,59.9
2025-04-06 22:48:48.471851,59.87,59.92
2025-04-06 22:48:51.044825,59.87,59.91
2025-04-06 22:48:55.696633,59.87,59.9
2025-04-06 22:48:57.343097,59.84,59.9
2025-04-06 22:48:59.709958,59.86,59.9
2025-04-06 22:49:06.141806,59.88,59.91
2025-04-06 22:49:06.453723,59.85,59.89
2025-04-06 22:49:08.404635,59.87,59.9
2025-04-06 22:49:09.136260,59.83,59.89
2025-04-06 22:49:12.987078,59.87,59.9
2025-04-06 22:49:23.105648,59.85,59.88
2025-04-06 22:49:25.444048,59.85,59.9
2025-04-06 22:49:26.305740,59.83,59.88
2025-04-06 22:49:27.099575,59.86,59.89
2025-04-06 22:49:29.105574,59.86,59.91
2025-04-06 22:49:30.012961,59.86,59.89
2025-04-06 22:49:31.117404,59.85,59.88
2025-04-06 22:49:32.752884,59.84,59.91
2025-04-06 22:49:33.471833,59.85,59.88
2025-04-06 22:49:34.913075,59.84,59.87
2025-04-06 22:49:35.550068,59.81,59.85
2025-04-06 22:49:36.065389,59.77,59.8
2025-04-06 22:49:36.665200,59.76,59.81
2025-04-06 22:49:37.666375,59.82,59.85
2025-04-06 22:49:38.679445,59.81,59.84
2025-04-06 22:49:41.060649,59.8,59.84
2025-04-06 22:49:42.293034,59.8,59.83
2025-04-06 22:49:42.837029,59.8,59.85
2025-04-06 22:49:45.841372,59.78,59.82
2025-04-06 22:49:47.066406,59.79,59.82
2025-04-06 22:49:47.385408,59.78,59.81
2025-04-06 22:49:49.607864,59.76,59.8
2025-04-06 22:49:50.840477,59.78,59.81
2025-04-06 22:49:55.259863,59.76,59.8
2025-04-06 22:49:56.639643,59.78,59.81
2025-04-06 22:49:58.275272,59.77,59.8
2025-04-06 22:49:59.483088,59.8,59.85
2025-04-06 22:49:59.892757,59.77,59.84
2025-04-06 22:50:00.559966,59.8,59.83
2025-04-06 22:50:01.282720,59.8,59.84
2025-04-06 22:50:01.506232,59.8,59.85
2025-04-06 22:50:06.818979,59.81,59.86
2025-04-06 22:50:07.791194,59.82,59.85
2025-04-06 22:50:08.837064,59.78,59.84
2025-04-06 22:50:11.601731,59.79,59.82
2025-04-06 22:50:12.100786,59.82,59.86
2025-04-06 22:50:13.103806,59.82,59.85
2025-04-06 22:50:13.492344,59.82,59.87
2025-04-06 22:50:14.396963,59.82,59.88
2025-04-06 22:50:14.907239,59.86,59.89
2025-04-06 22:50:15.566950,59.85,59.88
2025-04-06 22:50:16.592260,59.85,59.89
2025-04-06 22:50:19.506490,59.83,59.88
2025-04-06 22:50:37.149218,59.86,59.9
2025-04-06 22:50:37.645940,59.82,59.88
2025-04-06 22:50:37.935938,59.85,59.9
2025-04-06 22:50:38.429020,59.84,59.9
2025-04-06 22:50:41.030034,59.79,59.83
2025-04-06 22:50:42.570628,59.81,59.86
2025-04-06 22:50:46.192044,59.81,59.85
2025-04-06 22:50:47.025092,59.81,59.86
2025-04-06 22:50:48.508089,59.81,59.85
2025-04-06 22:50:50.131470,59.79,59.83
2025-04-06 22:50:51.215885,59.81,59.84
2025-04-06 22:50:52.264331,59.83,59.88
2025-04-06 22:50:56.371144,59.83,59.9
2025-04-06 22:50:57.024680,59.84,59.88
2025-04-06 22:50:59.427052,59.83,59.88
2025-04-06 22:50:59.655361,59.83,59.89
2025-04-06 22:51:03.438822,59.77,59.81
2025-04-06 22:51:04.410434,59.78,59.81
2025-04-06 22:51:10.470866,59.75,59.79
2025-04-06 22:51:12.693206,59.77,59.8
2025-04-06 22:51:13.574140,59.76,59.8
2025-04-06 22:51:14.226923,59.75,59.8
2025-04-06 22:51:14.822889,59.75,59.78
2025-04-06 22:51:15.804083,59.74,59.78
2025-04-06 22:51:16.790551,59.73,59.78
2025-04-06 22:51:22.607249,59.73,59.76
2025-04-06 22:51:29.542865,59.74,59.78
2025-04-06 22:51:30.046354,59.73,59.76
2025-04-06 22:51:31.980151,59.72,59.75
2025-04-06 22:51:32.774866,59.71,59.75
2025-04-06 22:51:33.175072,59.72,59.75
2025-04-06 22:51:34.193922,59.74,59.78
2025-04-06 22:51:35.229740,59.74,59.79
2025-04-06 22:51:40.823127,59.75,59.8
2025-04-06 22:51:46.390412,59.76,59.82
2025-04-06 22:51:50.988590,59.75,59.8
2025-04-06 22:51:58.688953,59.8,59.83
2025-04-06 22:51:59.353510,59.8,59.85
2025-04-06 22:51:59.613826,59.8,59.84
2025-04-06 22:52:00.484760,59.78,59.81
2025-04-06 22:52:03.978251,59.8,59.84
2025-04-06 22:52:04.338072,59.8,59.83
2025-04-06 22:52:10.590502,59.8,59.84
2025-04-06 22:52:11.618359,59.81,59.84
2025-04-06 22:52:12.001943,59.8,59.84
2025-04-06 22:52:12.224118,59.8,59.83
2025-04-06 22:52:12.725825,59.78,59.81
2025-04-06 22:52:14.222871,59.8,59.84
2025-04-06 22:52:14.886659,59.79,59.82
2025-04-06 22:52:15.839249,59.78,59.81
2025-04-06 22:52:22.757595,59.8,59.84
2025-04-06 22:52:23.397885,59.8,59.83
2025-04-06 22:52:23.596400,59.79,59.83
2025-04-06 22:52:29.511949,59.77,59.8
2025-04-06 22:52:29.862800,59.76,59.8
2025-04-06 22:52:31.577493,59.76,59.79
2025-04-06 22:52:32.573343,59.77,59.81
2025-04-06 22:52:36.728895,59.77,59.82
2025-04-06 22:52:38.524159,59.78,59.82
2025-04-06 22:52:42.259538,59.75,59.8
2025-04-06 22:52:45.048021,59.76,59.81
2025-04-06 22:52:50.373947,59.79,59.83
2025-04-06 22:52:51.710585,59.8,59.83
2025-04-06 22:52:53.513833,59.78,59.83
2025-04-06 22:52:55.760770,59.77,59.83
2025-04-06 22:52:57.392107,59.76,59.81
2025-04-06 22:52:58.745324,59.77,59.81
2025-04-06 22:52:59.927805,59.78,59.81
2025-04-06 22:53:05.181928,59.74,59.79
2025-04-06 22:53:06.266906,59.73,59.76
2025-04-06 22:53:07.407725,59.71,59.76
2025-04-06 22:53:07.844172,59.73,59.77
2025-04-06 22:53:09.819258,59.71,59.74
2025-04-06 22:53:13.635009,59.71,59.75
2025-04-06 22:53:25.363191,59.71,59.77
2025-04-06 22:53:27.359039,59.68,59.75
2025-04-06 22:53:28.522005,59.68,59.71
2025-04-06 22:53:29.034769,59.67,59.71
2025-04-06 22:53:29.541448,59.67,59.7
2025-04-06 22:53:31.468517,59.68,59.72
2025-04-06 22:53:34.578600,59.66,59.69
2025-04-06 22:53:36.424227,59.7,59.75
2025-04-06 22:53:37.435199,59.7,59.73
2025-04-06 22:53:39.904020,59.74,59.77
2025-04-06 22:53:40.910169,59.74,59.79
2025-04-06 22:53:41.403806,59.76,59.8
2025-04-06 22:53:43.531828,59.72,59.78
2025-04-06 22:53:44.763545,59.72,59.76
2025-04-06 22:53:45.134376,59.73,59.78
2025-04-06 22:53:45.426667,59.74,59.79
2025-04-06 22:53:47.208118,59.74,59.77
2025-04-06 22:53:50.120545,59.72,59.76
2025-04-06 22:53:50.350071,59.71,59.74
2025-04-06 22:53:51.925800,59.73,59.77
2025-04-06 22:53:52.434245,59.7,59.75
2025-04-06 22:53:53.884584,59.68,59.75
2025-04-06 22:53:55.111872,59.66,59.72
2025-04-06 22:53:56.445046,59.66,59.71
2025-04-06 22:53:58.114889,59.69,59.73
2025-04-06 22:54:00.004654,59.69,59.75
2025-04-06 22:54:00.512006,59.72,59.75
2025-04-06 22:54:01.362386,59.73,59.76
2025-04-06 22:54:02.110517,59.73,59.79
2025-04-06 22:54:03.102306,59.72,59.76
2025-04-06 22:54:03.414898,59.73,59.78
2025-04-06 22:54:07.422445,59.71,59.74
2025-04-06 22:54:09.381891,59.73,59.78
2025-04-06 22:54:13.269779,59.72,59.76
2025-04-06 22:54:14.248176,59.77,59.82
2025-04-06 22:54:17.251293,59.76,59.82
2025-04-06 22:54:18.210736,59.76,59.81
2025-04-06 22:54:21.624992,59.75,59.8
2025-04-06 22:54:24.639938,59.74,59.78
2025-04-06 22:54:27.416024,59.75,59.79
2025-04-06 22:54:29.656200,59.77,59.82
2025-04-06 23:13:29.866592,59.88,59.94
2025-04-06 23:13:32.305261,59.92,59.95
2025-04-06 23:13:39.925796,59.9,59.95
2025-04-06 23:13:48.403977,59.92,59.98
2025-04-06 23:13:48.993953,59.92,59.96
2025-04-06 23:13:55.649126,59.9,59.95
2025-04-06 23:14:04.751049,59.91,59.94
2025-04-06 23:14:09.659779,59.91,59.97
2025-04-06 23:14:10.223872,59.89,59.92
2025-04-06 23:14:11.223100,59.88,59.94
2025-04-06 23:14:15.596754,59.89,59.94
2025-04-06 23:14:16.665485,59.94,59.97
2025-04-06 23:14:19.373282,59.93,59.96
2025-04-06 23:14:34.387907,59.9,59.96
2025-04-06 23:14:44.740800,59.91,59.98
2025-04-06 23:14:46.145547,59.88,59.94
2025-04-06 23:27:23.745478,59.72,59.75
2025-04-06 23:27:24.995157,59.71,59.76
2025-04-06 23:27:55.075800,59.7,59.74
2025-04-06 23:27:55.336573,59.71,59.74
2025-04-06 23:27:59.361118,59.68,59.73
2025-04-06 23:28:10.237061,59.66,59.7
2025-04-06 23:28:13.308500,59.68,59.73
2025-04-06 23:28:17.891798,59.66,59.7
2025-04-06 23:28:18.537790,59.66,59.71
2025-04-06 23:28:19.145568,59.68,59.72
2025-04-06 23:28:21.040387,59.67,59.71
2025-04-06 23:28:27.839460,59.69,59.72
2025-04-06 23:28:30.712785,59.67,59.72
2025-04-06 23:28:31.458909,59.69,59.73
2025-04-06 23:28:32.399449,59.69,59.74
2025-04-06 23:28:33.965702,59.69,59.73
2025-04-06 23:28:46.456105,59.7,59.73
2025-04-06 23:28:55.061738,59.69,59.72
2025-04-06 23:29:04.566047,59.7,59.74
2025-04-06 23:29:06.604779,59.68,59.71
2025-04-06 23:29:09.907109,59.71,59.74
2025-04-06 23:29:11.055068,59.68,59.72
2025-04-06 23:29:11.620485,59.68,59.71
2025-04-06 23:29:16.736985,59.67,59.71
2025-04-06 23:29:17.079552,59.7,59.73
2025-04-06 23:29:17.575354,59.69,59.74
2025-04-06 23:29:27.592193,59.67,59.71
2025-04-06 23:29:41.342856,59.7,59.73
2025-04-06 23:29:41.874203,59.68,59.72
2025-04-06 23:29:46.216945,59.72,59.75
2025-04-06 23:29:51.931957,59.73,59.76
2025-04-06 23:29:55.317913,59.73,59.77
2025-04-06 23:30:04.451665,59.72,59.75
2025-04-06 23:30:05.776998,59.73,59.77
2025-04-06 23:30:07.825840,59.74,59.77
2025-04-06 23:30:10.145845,59.73,59.77
2025-04-06 23:30:25.396112,59.74,59.77
2025-04-06 23:30:25.639035,59.75,59.79
2025-04-06 23:30:29.597050,59.76,59.8
2025-04-06 23:30:30.206203,59.76,59.79
2025-04-06 23:30:51.210718,59.76,59.8
2025-04-06 23:30:56.892353,59.75,59.78
2025-04-06 23:30:58.558020,59.76,59.8
2025-04-06 23:31:01.275709,59.77,59.8
2025-04-06 23:31:02.375804,59.76,59.8
2025-04-06 23:31:12.977798,59.76,59.79
2025-04-06 23:31:13.829243,59.73,59.78
2025-04-06 23:31:14.761286,59.75,59.78
2025-04-06 23:31:19.849491,59.73,59.78
2025-04-06 23:31:21.394931,59.73,59.77
2025-04-06 23:31:23.334758,59.75,59.8
2025-04-06 23:31:24.047938,59.75,59.78
2025-04-06 23:31:25.889942,59.74,59.77
2025-04-06 23:31:27.012782,59.74,59.78
2025-04-06 23:33:37.478108,59.66,59.7
2025-04-06 23:33:39.057386,59.65,59.7
2025-04-06 23:33:41.073073,59.67,59.73
2025-04-06 23:34:00.070809,59.67,59.71
2025-04-06 23:34:03.183340,59.68,59.72
2025-04-06 23:34:06.835145,59.69,59.72
2025-04-06 23:34:10.134590,59.67,59.71
2025-04-06 23:34:13.502618,59.67,59.72
2025-04-06 23:34:15.761883,59.68,59.72
2025-04-06 23:34:16.298903,59.69,59.72
2025-04-06 23:34:19.516390,59.7,59.73
2025-04-06 23:34:20.680393,59.7,59.74
2025-04-06 23:34:20.758112,59.69,59.74
2025-04-06 23:34:21.427834,59.69,59.75
2025-04-06 23:34:24.069794,59.66,59.71
2025-04-06 23:34:24.895785,59.68,59.71
2025-04-06 23:34:35.244425,59.69,59.74
2025-04-06 23:34:35.477228,59.72,59.75
2025-04-06 23:34:37.862845,59.7,59.73
2025-04-06 23:34:38.688114,59.72,59.77
2025-04-06 23:34:38.907076,59.71,59.75
2025-04-06 23:34:40.894744,59.72,59.77
2025-04-06 23:34:41.315661,59.71,59.76
2025-04-06 23:34:42.637630,59.74,59.77
2025-04-06 23:34:45.194478,59.73,59.76
2025-04-06 23:34:49.962449,59.72,59.76
2025-04-06 23:34:50.390847,59.74,59.77
2025-04-06 23:34:53.921539,59.73,59.78
2025-04-06 23:34:54.360857,59.75,59.79
2025-04-06 23:34:56.219785,59.75,59.81
2025-04-06 23:34:57.484051,59.74,59.78
2025-04-06 23:34:59.444381,59.75,59.79
2025-04-06 23:34:59.953238,59.77,59.8
2025-04-06 23:35:00.546575,59.75,59.79
2025-04-06 23:35:01.042536,59.77,59.8
2025-04-06 23:35:03.018043,59.78,59.81
2025-04-06 23:35:03.846105,59.78,59.82
2025-04-06 23:35:04.228836,59.79,59.82
2025-04-06 23:35:04.642890,59.78,59.81
2025-04-06 23:35:09.429213,59.8,59.83
2025-04-06 23:35:10.797938,59.76,59.8
2025-04-06 23:35:14.437469,59.78,59.81
2025-04-06 23:35:24.820554,59.75,59.81
2025-04-06 23:35:25.838929,59.79,59.84
2025-04-06 23:35:30.301373,59.78,59.81
2025-04-06 23:35:31.294591,59.77,59.81
2025-04-06 23:35:33.304172,59.79,59.82
2025-04-06 23:35:36.039053,59.78,59.83
2025-04-06 23:35:39.566734,59.76,59.8
2025-04-06 23:35:41.161450,59.75,59.8
2025-04-06 23:35:44.967784,59.76,59.79
2025-04-06 23:35:46.158203,59.78,59.81
2025-04-06 23:35:50.755127,59.75,59.79
2025-04-06 23:35:51.550154,59.76,59.79
2025-04-06 23:35:52.877896,59.77,59.8
2025-04-06 23:35:53.372709,59.76,59.79
2025-04-06 23:36:04.002940,59.73,59.77
2025-04-06 23:36:09.032496,59.74,59.79
2025-04-06 23:36:14.333759,59.71,59.76
2025-04-06 23:36:15.705614,59.72,59.76
2025-04-06 23:36:16.199675,59.73,59.76
2025-04-06 23:36:28.924299,59.69,59.74
2025-04-06 23:36:31.674071,59.71,59.77
2025-04-06 23:36:32.694324,59.71,59.74
2025-04-06 23:36:35.726069,59.71,59.75
2025-04-06 23:36:39.367379,59.72,59.75
2025-04-06 23:36:41.345713,59.73,59.77
2025-04-06 23:36:42.628870,59.72,59.76
2025-04-06 23:36:42.911753,59.73,59.78
2025-04-06 23:36:48.530071,59.75,59.78
2025-04-06 23:36:49.522966,59.71,59.77
2025-04-06 23:36:49.810751,59.73,59.77
2025-04-06 23:36:51.775323,59.74,59.78
2025-04-06 23:36:52.285912,59.72,59.76
2025-04-06 23:36:55.637621,59.71,59.77
2025-04-06 23:36:56.557496,59.73,59.78
2025-04-06 23:36:59.031059,59.74,59.78
2025-04-06 23:37:09.066567,59.73,59.78
2025-04-06 23:37:09.559583,59.74,59.79
2025-04-06 23:37:10.551992,59.73,59.78
2025-04-06 23:37:14.002722,59.73,59.77
2025-04-06 23:37:16.947188,59.71,59.76
2025-04-06 23:37:19.016510,59.71,59.75
2025-04-06 23:37:34.706371,59.73,59.76
2025-04-06 23:37:53.981055,59.72,59.75
2025-04-06 23:37:56.301072,59.73,59.78
2025-04-06 23:37:58.268051,59.72,59.77
2025-04-06 23:37:59.868869,59.7,59.74
2025-04-06 23:38:02.083363,59.7,59.73
2025-04-06 23:38:03.364516,59.69,59.73
2025-04-06 23:38:15.884432,59.7,59.73
2025-04-06 23:38:19.599712,59.69,59.74
2025-04-06 23:38:19.919285,59.71,59.75
2025-04-06 23:38:21.030081,59.69,59.72
2025-04-06 23:38:31.995727,59.69,59.74
2025-04-06 23:38:32.949812,59.7,59.74
2025-04-06 23:38:44.117253,59.7,59.73
2025-04-06 23:38:46.244079,59.69,59.74
2025-04-06 23:38:48.608321,59.72,59.75
2025-04-06 23:38:51.203818,59.69,59.72
2025-04-06 23:39:01.496346,59.71,59.75
2025-04-06 23:39:20.225549,59.7,59.73
2025-04-06 23:39:23.985848,59.71,59.76
2025-04-06 23:39:30.869245,59.69,59.72
2025-04-06 23:39:31.604798,59.71,59.75
2025-04-06 23:39:38.558588,59.71,59.76
2025-04-06 23:39:47.064637,59.69,59.73
2025-04-06 23:39:47.561613,59.68,59.73
2025-04-06 23:39:48.108942,59.71,59.75
2025-04-06 23:39:53.921478,59.68,59.72
2025-04-06 23:39:55.309611,59.69,59.72
2025-04-06 23:39:56.348521,59.71,59.74
2025-04-06 23:39:56.943147,59.7,59.74
2025-04-06 23:39:59.330320,59.69,59.74
2025-04-06 23:39:59.839355,59.69,59.72
2025-04-06 23:40:01.757954,59.68,59.73
2025-04-06 23:40:17.399871,59.66,59.72
2025-04-06 23:40:21.525310,59.69,59.72
2025-04-06 23:40:22.318138,59.71,59.76
2025-04-06 23:40:29.938802,59.69,59.72
2025-04-06 23:40:31.604667,59.7,59.75
2025-04-06 23:40:34.601111,59.68,59.72
2025-04-06 23:40:35.272636,59.69,59.72
2025-04-06 23:40:41.710015,59.7,59.74
2025-04-06 23:40:42.404139,59.7,59.75
2025-04-06 23:40:42.672937,59.71,59.75
2025-04-06 23:40:43.059773,59.69,59.72
2025-04-06 23:40:45.990782,59.7,59.73
2025-04-06 23:40:49.348148,59.69,59.74
2025-04-06 23:40:53.010843,59.67,59.71
2025-04-06 23:40:55.459234,59.66,59.71
2025-04-06 23:40:57.915134,59.67,59.71
2025-04-06 23:41:13.569639,59.67,59.7
2025-04-06 23:41:17.646318,59.67,59.71
2025-04-06 23:41:21.702375,59.65,59.7
2025-04-06 23:41:24.156603,59.67,59.72
2025-04-06 23:41:25.228282,59.63,59.68
2025-04-06 23:41:27.634111,59.68,59.71
2025-04-06 23:41:31.043825,59.64,59.67
2025-04-06 23:41:34.439046,59.62,59.67
2025-04-06 23:41:38.646563,59.64,59.68
2025-04-06 23:41:47.212974,59.64,59.67
2025-04-06 23:41:47.501716,59.65,59.69
2025-04-06 23:41:49.600847,59.66,59.69
2025-04-06 23:41:52.910235,59.65,59.68
2025-04-06 23:41:59.561506,59.65,59.69
2025-04-06 23:42:00.995298,59.69,59.74
2025-04-06 23:42:06.036193,59.7,59.74
2025-04-06 23:42:14.673819,59.69,59.72
2025-04-06 23:42:31.579823,59.7,59.73
2025-04-06 23:42:34.998810,59.71,59.74
2025-04-06 23:42:40.134199,59.7,59.74
2025-04-06 23:42:50.671735,59.68,59.73
2025-04-06 23:42:53.528597,59.72,59.75
2025-04-06 23:42:59.428102,59.69,59.73
2025-04-06 23:43:01.185870,59.72,59.76
2025-04-06 23:43:04.432533,59.71,59.74
2025-04-06 23:43:14.982222,59.72,59.76
2025-04-06 23:43:22.612990,59.71,59.74
2025-04-06 23:43:38.923044,59.72,59.77
2025-04-06 23:43:41.157613,59.76,59.8
2025-04-06 23:43:42.967197,59.73,59.78
2025-04-06 23:43:59.245293,59.76,59.8
2025-04-06 23:44:01.084758,59.75,59.78
2025-04-06 23:44:05.853147,59.73,59.77
2025-04-06 23:44:13.028534,59.75,59.8
2025-04-06 23:44:16.301291,59.75,59.81
2025-04-06 23:44:16.803082,59.73,59.78
2025-04-06 23:44:19.644200,59.74,59.78
2025-04-06 23:44:24.794408,59.76,59.79
2025-04-06 23:44:26.513430,59.73,59.76
2025-04-06 23:44:30.833247,59.73,59.78
2025-04-06 23:44:37.389863,59.73,59.77
2025-04-06 23:44:46.930136,59.75,59.78
2025-04-06 23:44:48.520828,59.75,59.79
2025-04-06 23:44:49.134678,59.74,59.77
2025-04-06 23:44:58.159745,59.79,59.84
2025-04-06 23:45:00.418482,59.78,59.82
2025-04-06 23:45:03.890779,59.81,59.84
2025-04-06 23:45:05.389499,59.78,59.82
2025-04-06 23:45:06.789411,59.8,59.83
2025-04-06 23:45:07.585619,59.77,59.81
2025-04-06 23:45:07.645725,59.78,59.81
2025-04-06 23:45:08.536298,59.78,59.82
2025-04-06 23:45:09.788240,59.79,59.82
2025-04-06 23:45:11.359364,59.78,59.81
2025-04-06 23:45:16.115957,59.77,59.81
2025-04-06 23:45:29.596651,59.77,59.83
2025-04-06 23:45:34.376798,59.78,59.81
2025-04-06 23:45:36.421269,59.77,59.81
2025-04-06 23:45:43.764756,59.78,59.82
2025-04-06 23:45:51.031683,59.8,59.83
2025-04-06 23:45:54.574761,59.79,59.82
2025-04-06 23:45:59.913551,59.8,59.83
2025-04-06 23:46:03.667409,59.81,59.84
2025-04-06 23:46:06.373055,59.78,59.81
2025-04-06 23:46:13.444606,59.81,59.84
2025-04-06 23:46:20.385467,59.78,59.81
2025-04-06 23:46:21.430107,59.81,59.84
2025-04-06 23:46:32.406855,59.77,59.81
2025-04-06 23:46:34.349728,59.79,59.82
2025-04-06 23:46:35.623447,59.78,59.81
2025-04-06 23:46:36.547614,59.77,59.81
2025-04-06 23:46:44.761601,59.77,59.8
2025-04-06 23:46:51.106161,59.78,59.82
2025-04-06 23:46:55.856650,59.77,59.8
2025-04-06 23:47:02.573759,59.77,59.81
2025-04-06 23:47:15.390243,59.78,59.81
2025-04-06 23:47:21.282833,59.78,59.82
2025-04-06 23:47:24.624151,59.79,59.82
2025-04-06 23:47:27.425320,59.78,59.83
2025-04-06 23:47:30.068678,59.79,59.84
2025-04-06 23:47:32.047596,59.81,59.86
2025-04-06 23:47:33.791267,59.82,59.85
2025-04-06 23:47:34.088019,59.87,59.9
2025-04-06 23:47:36.012885,59.86,59.89
2025-04-06 23:47:36.899034,59.85,59.89
2025-04-06 23:47:43.326956,59.86,59.89
2025-04-06 23:47:44.863417,59.86,59.9
2025-04-06 23:47:45.575124,59.88,59.92
2025-04-06 23:47:45.898570,59.89,59.92
2025-04-06 23:47:49.478179,59.86,59.9
2025-04-06 23:47:52.434628,59.89,59.92
2025-04-06 23:47:56.096317,59.89,59.93
2025-04-06 23:47:56.687780,59.87,59.92
2025-04-06 23:47:57.518849,59.87,59.91
2025-04-06 23:48:03.267101,59.87,59.92
2025-04-06 23:48:04.488461,59.88,59.92
2025-04-06 23:48:05.438251,59.9,59.95
2025-04-06 23:48:06.323493,59.9,59.96
2025-04-06 23:48:11.105349,59.91,59.96
2025-04-06 23:48:12.169933,59.91,59.95
2025-04-06 23:48:13.560739,59.92,59.95
2025-04-06 23:48:15.069098,59.91,59.94
2025-04-06 23:48:15.396437,59.9,59.95
2025-04-06 23:48:15.903038,59.89,59.94
2025-04-06 23:48:17.736240,59.87,59.9
2025-04-06 23:48:21.406236,59.88,59.92
2025-04-06 23:48:23.586107,59.85,59.9
2025-04-06 23:48:26.644065,59.87,59.91
2025-04-06 23:48:27.158293,59.84,59.89
2025-04-06 23:48:30.769271,59.84,59.88
2025-04-06 23:48:31.131625,59.81,59.86
2025-04-06 23:48:31.517990,59.84,59.88
2025-04-06 23:48:33.019701,59.85,59.88
2025-04-06 23:48:35.654984,59.82,59.86
2025-04-06 23:48:36.162348,59.84,59.87
2025-04-06 23:48:41.060651,59.83,59.86
2025-04-06 23:48:44.727346,59.84,59.88
2025-04-06 23:48:47.487535,59.85,59.9
2025-04-06 23:48:49.373146,59.85,59.89
2025-04-06 23:48:55.455588,59.85,59.88
2025-04-06 23:48:58.282487,59.81,59.86
2025-04-06 23:49:01.386030,59.85,59.88
2025-04-06 23:49:01.887441,59.88,59.91
2025-04-06 23:49:02.378600,59.85,59.89
2025-04-06 23:49:03.754781,59.86,59.89
2025-04-06 23:49:05.937258,59.88,59.91
2025-04-06 23:49:06.761302,59.85,59.89
2025-04-06 23:49:07.258241,59.86,59.89
2025-04-06 23:49:09.983594,59.87,59.9
2025-04-06 23:49:12.432157,59.85,59.89
2025-04-06 23:49:12.890980,59.84,59.89
2025-04-06 23:49:15.776556,59.86,59.89
2025-04-06 23:49:16.777580,59.86,59.91
2025-04-06 23:49:23.175959,59.86,59.9
2025-04-06 23:49:31.597250,59.85,59.88
2025-04-06 23:49:33.468379,59.87,59.91
2025-04-06 23:49:41.500148,59.87,59.92
2025-04-06 23:49:43.143652,59.85,59.91
2025-04-06 23:49:48.193210,59.87,59.92
2025-04-06 23:49:52.766677,59.89,59.93
2025-04-06 23:49:55.367566,59.9,59.94
2025-04-06 23:49:58.278411,59.9,59.93
2025-04-06 23:50:01.512203,59.9,59.94
2025-04-06 23:50:03.416269,59.89,59.92
2025-04-06 23:50:25.046529,59.88,59.91
2025-04-06 23:50:29.032057,59.88,59.92
2025-04-06 23:50:45.222895,59.9,59.93
2025-04-06 23:50:53.975067,59.87,59.91
2025-04-06 23:50:54.606846,59.87,59.92
2025-04-06 23:50:57.498842,59.88,59.91
2025-04-06 23:50:59.865800,59.87,59.91
2025-04-06 23:51:11.989069,59.85,59.88
2025-04-06 23:51:12.938830,59.86,59.9
2025-04-06 23:51:15.811804,59.85,59.88
2025-04-06 23:51:17.794534,59.82,59.88
2025-04-06 23:51:17.984502,59.82,59.86
2025-04-06 23:51:20.620775,59.83,59.86
2025-04-06 23:51:22.807058,59.81,59.87
2025-04-06 23:51:23.397482,59.82,59.85
2025-04-06 23:51:26.661589,59.81,59.86
2025-04-06 23:51:28.449767,59.84,59.87
2025-04-06 23:51:32.509756,59.82,59.87
2025-04-06 23:51:33.293790,59.83,59.86
2025-04-06 23:51:33.801686,59.82,59.86
2025-04-06 23:51:36.116391,59.82,59.85
2025-04-06 23:51:37.303014,59.81,59.85
2025-04-06 23:51:43.012630,59.81,59.84
2025-04-06 23:51:49.727510,59.79,59.83
2025-04-06 23:51:52.841510,59.81,59.84
2025-04-06 23:51:53.336849,59.78,59.82
2025-04-06 23:51:54.469786,59.8,59.83
2025-04-06 23:51:58.103079,59.77,59.81
2025-04-06 23:51:59.103353,59.79,59.83
2025-04-06 23:52:05.185615,59.79,59.82
2025-04-06 23:52:06.963412,59.77,59.81
2025-04-06 23:52:11.304806,59.76,59.81
2025-04-06 23:52:12.455267,59.76,59.79
2025-04-06 23:52:33.117293,59.8,59.83
2025-04-06 23:52:33.482141,59.82,59.85
2025-04-06 23:52:43.362221,59.8,59.84
2025-04-06 23:52:47.085265,59.83,59.87
2025-04-06 23:53:01.309085,59.81,59.85
2025-04-06 23:53:02.711109,59.84,59.88
2025-04-06 23:53:03.931609,59.82,59.86
2025-04-06 23:53:07.302507,59.81,59.85
2025-04-06 23:53:08.569581,59.83,59.87
2025-04-06 23:53:19.173155,59.81,59.85
2025-04-06 23:53:19.665224,59.83,59.87
2025-04-06 23:53:28.423332,59.84,59.88
2025-04-06 23:53:29.527674,59.83,59.87
2025-04-06 23:53:31.866342,59.84,59.88
2025-04-06 23:53:34.100407,59.81,59.86
2025-04-06 23:53:34.438732,59.84,59.88
2025-04-06 23:53:36.433287,59.81,59.85
2025-04-06 23:53:44.429697,59.84,59.88
2025-04-06 23:53:44.933904,59.81,59.85
2025-04-06 23:53:48.818301,59.83,59.87
2025-04-06 23:53:53.279628,59.82,59.86
2025-04-06 23:53:54.317540,59.81,59.85
2025-04-06 23:54:00.494338,59.84,59.88
2025-04-06 23:54:01.812646,59.82,59.86
2025-04-06 23:54:06.166861,59.81,59.86
2025-04-06 23:54:08.232998,59.83,59.87
2025-04-06 23:54:09.514376,59.81,59.85
2025-04-06 23:54:10.017894,59.83,59.87
2025-04-06 23:54:15.389452,59.81,59.85
2025-04-06 23:54:22.316878,59.8,59.84
2025-04-06 23:54:22.816972,59.79,59.84
2025-04-06 23:54:24.817808,59.77,59.81
2025-04-06 23:54:29.052070,59.76,59.81
2025-04-06 23:54:31.248738,59.78,59.82
2025-04-06 23:54:32.043266,59.75,59.79
2025-04-06 23:54:36.827903,59.76,59.8
2025-04-06 23:55:00.475168,59.77,59.81
2025-04-06 23:55:05.294131,59.8,59.84
2025-04-06 23:55:05.455954,59.78,59.82
2025-04-06 23:55:09.203906,59.8,59.84
2025-04-06 23:55:19.151757,59.77,59.81
2025-04-06 23:55:25.779224,59.78,59.83
2025-04-06 23:55:28.927824,59.77,59.81
2025-04-06 23:55:31.774354,59.8,59.84
2025-04-06 23:55:35.760955,59.78,59.82
2025-04-06 23:55:42.257558,59.77,59.82
2025-04-06 23:56:28.504349,59.81,59.85
2025-04-06 23:56:29.072306,59.78,59.82
2025-04-06 23:56:31.062860,59.8,59.84
2025-04-06 23:56:31.873167,59.76,59.8
2025-04-06 23:56:35.548432,59.75,59.79
2025-04-06 23:56:36.050270,59.78,59.82
2025-04-06 23:56:38.619632,59.77,59.81
2025-04-06 23:56:50.052058,59.76,59.8
2025-04-06 23:56:52.228015,59.75,59.79
2025-04-06 23:57:02.870282,59.74,59.78
2025-04-06 23:57:15.224685,59.77,59.81
2025-04-06 23:57:15.625685,59.73,59.77
2025-04-06 23:57:15.855714,59.72,59.76
2025-04-06 23:57:17.803719,59.73,59.77
2025-04-06 23:57:21.415828,59.75,59.79
2025-04-06 23:57:26.347112,59.71,59.75
2025-04-06 23:57:30.327868,59.74,59.78
2025-04-06 23:57:38.323255,59.72,59.76
2025-04-06 23:57:41.134363,59.74,59.78
2025-04-06 23:57:42.846625,59.71,59.75
2025-04-06 23:57:43.450985,59.73,59.78
2025-04-06 23:57:44.417568,59.74,59.78
2025-04-06 23:57:44.701931,59.73,59.77
2025-04-06 23:57:45.853137,59.72,59.76
2025-04-06 23:57:47.194695,59.74,59.78
2025-04-06 23:57:47.604202,59.7,59.74
2025-04-06 23:57:49.967801,59.7,59.75
2025-04-06 23:57:51.188798,59.72,59.77
2025-04-06 23:57:52.609672,59.73,59.77
2025-04-06 23:57:52.848102,59.7,59.74
2025-04-06 23:57:53.722444,59.72,59.76
2025-04-06 23:57:54.026994,59.71,59.75
2025-04-06 23:57:55.452018,59.72,59.76
2025-04-06 23:57:56.521807,59.7,59.74
2025-04-06 23:57:57.031624,59.71,59.75
2025-04-06 23:57:58.545573,59.7,59.74
2025-04-06 23:58:00.792755,59.72,59.76
2025-04-06 23:58:08.145801,59.68,59.72
2025-04-06 23:58:08.437511,59.67,59.71
2025-04-06 23:58:11.612544,59.7,59.74
2025-04-06 23:58:17.566524,59.68,59.72
2025-04-06 23:58:22.934096,59.69,59.73
2025-04-06 23:58:23.150919,59.68,59.72
2025-04-06 23:58:25.927460,59.67,59.71
2025-04-06 23:58:26.694818,59.69,59.73
2025-04-06 23:58:30.588468,59.68,59.72
2025-04-06 23:58:32.019126,59.66,59.71
2025-04-06 23:58:38.542755,59.68,59.72
2025-04-06 23:58:43.774592,59.67,59.71
2025-04-06 23:58:47.258477,59.65,59.69
2025-04-06 23:58:48.235727,59.68,59.72
2025-04-06 23:58:50.443352,59.67,59.71
2025-04-06 23:58:59.621395,59.69,59.73
2025-04-06 23:59:01.086819,59.71,59.75
2025-04-06 23:59:01.283007,59.69,59.73
2025-04-06 23:59:05.416341,59.68,59.72
2025-04-06 23:59:09.025850,59.69,59.73
2025-04-06 23:59:18.395132,59.7,59.74
2025-04-06 23:59:18.877609,59.69,59.73
2025-04-06 23:59:27.804155,59.72,59.76
2025-04-07 00:00:48.403366,59.97,60.01
2025-04-07 00:00:50.038881,59.98,60.02
2025-04-07 00:00:51.375048,59.97,60.01
2025-04-07 00:00:53.099470,59.95,60.0
2025-04-07 00:00:56.138203,59.96,60.0
2025-04-07 00:01:01.403923,59.91,59.95
2025-04-07 00:01:01.795764,59.98,60.02
2025-04-07 00:01:02.468435,60.0,60.04
2025-04-07 00:01:04.189514,59.98,60.02
2025-04-07 00:01:04.983450,59.94,59.98
2025-04-07 00:01:07.452401,59.91,59.95
2025-04-07 00:01:08.195563,59.92,59.96
2025-04-07 00:01:08.546897,59.91,59.95
2025-04-07 00:01:09.621687,59.94,59.98
2025-04-07 00:01:11.043734,59.91,59.95
2025-04-07 00:01:16.169897,59.92,59.96
2025-04-07 00:01:17.568054,59.91,59.95
2025-04-07 00:01:18.738630,59.88,59.93
2025-04-07 00:01:19.312686,59.91,59.95
2025-04-07 00:01:20.110709,59.9,59.94
2025-04-07 00:01:22.070423,59.91,59.95
2025-04-07 00:01:28.860766,59.92,59.96
2025-04-07 00:01:34.701483,59.89,59.93
2025-04-07 00:01:37.869496,59.88,59.92
2025-04-07 00:01:38.551590,59.89,59.93
2025-04-07 00:01:39.447775,59.87,59.91
2025-04-07 00:01:39.736066,59.88,59.93
2025-04-07 00:01:40.683200,59.86,59.9
2025-04-07 00:01:42.247336,59.88,59.92
2025-04-07 00:01:48.288865,59.85,59.89
2025-04-07 00:01:49.378629,59.87,59.91
2025-04-07 00:01:50.949881,59.86,59.9
2025-04-07 00:01:51.682120,59.84,59.88
2025-04-07 00:01:52.282657,59.83,59.88
2025-04-07 00:01:55.417369,59.83,59.87
2025-04-07 00:01:58.898818,59.85,59.89
2025-04-07 00:01:59.484741,59.82,59.86
2025-04-07 00:02:01.130534,59.83,59.87
2025-04-07 00:02:01.498250,59.82,59.86
2025-04-07 00:02:02.063825,59.83,59.87
2025-04-07 00:02:02.297217,59.81,59.85
2025-04-07 00:02:05.960892,59.8,59.85
2025-04-07 00:02:06.769901,59.81,59.85
2025-04-07 00:02:10.262261,59.82,59.86
2025-04-07 00:02:11.770900,59.83,59.87
2025-04-07 00:02:14.567610,59.82,59.87
2025-04-07 00:02:14.794462,59.83,59.87
2025-04-07 00:02:21.121749,59.85,59.89
2025-04-07 00:02:23.546944,59.84,59.88
2025-04-07 00:02:23.992971,59.82,59.86
2025-04-07 00:02:24.214988,59.84,59.89
2025-04-07 00:02:24.728304,59.83,59.87
2025-04-07 00:02:24.812185,59.81,59.86
2025-04-07 00:02:25.205246,59.85,59.89
2025-04-07 00:02:29.601156,59.84,59.88
2025-04-07 00:02:29.824168,59.85,59.9
2025-04-07 00:02:35.093744,59.86,59.9
2025-04-07 00:02:35.456741,59.84,59.88
2025-04-07 00:02:36.165525,59.83,59.87
2025-04-07 00:02:37.166266,59.85,59.9
2025-04-07 00:02:41.573141,59.86,59.9
2025-04-07 00:02:43.213297,59.83,59.87
2025-04-07 00:02:44.390428,59.86,59.9
2025-04-07 00:02:49.621075,59.91,59.96
2025-04-07 00:02:51.719877,59.92,59.96
2025-04-07 00:02:52.327569,59.93,59.97
2025-04-07 00:02:52.901067,59.92,59.96
2025-04-07 00:02:54.324310,59.89,59.94
2025-04-07 00:02:57.059080,59.9,59.95
2025-04-07 00:02:57.673201,59.92,59.96
2025-04-07 00:02:59.960397,59.91,59.95
2025-04-07 00:03:00.262698,59.92,59.96
2025-04-07 00:03:00.678036,59.91,59.96
2025-04-07 00:03:01.288467,59.91,59.95
2025-04-07 00:03:04.630410,59.92,59.96
2025-04-07 00:03:06.595838,59.9,59.94
2025-04-07 00:03:07.028845,59.94,59.98
2025-04-07 00:03:07.137326,59.9,59.94
2025-04-07 00:03:07.520392,59.92,59.96
2025-04-07 00:03:14.270096,59.91,59.95
2025-04-07 00:03:14.579601,59.9,59.94
2025-04-07 00:03:15.758787,59.92,59.96
2025-04-07 00:03:17.160763,59.91,59.95
2025-04-07 00:03:20.450894,59.92,59.96
2025-04-07 00:03:22.596821,59.91,59.95
2025-04-07 00:03:28.042946,59.9,59.94
2025-04-07 00:03:28.554371,59.89,59.93
2025-04-07 00:03:29.060006,59.9,59.95
2025-04-07 00:03:32.308541,59.9,59.94
2025-04-07 00:03:32.544585,59.92,59.96
2025-04-07 00:03:35.557847,59.93,59.97
2025-04-07 00:03:37.262218,59.92,59.97
2025-04-07 00:03:40.595593,59.91,59.95
2025-04-07 00:03:40.891296,59.89,59.94
2025-04-07 00:03:42.596757,59.89,59.93
2025-04-07 00:03:44.493095,59.92,59.96
2025-04-07 00:03:45.644379,59.9,59.94
2025-04-07 00:03:47.213226,59.89,59.93
2025-04-07 00:03:48.434653,59.88,59.92
2025-04-07 00:03:50.416105,59.87,59.91
2025-04-07 00:03:53.804813,59.89,59.93
2025-04-07 00:03:56.130352,59.86,59.91
2025-04-07 00:03:58.201633,59.88,59.92
2025-04-07 00:03:58.776064,59.92,59.96
2025-04-07 00:03:58.964728,59.91,59.95
2025-04-07 00:03:59.390205,59.89,59.94
2025-04-07 00:03:59.605735,59.91,59.95
2025-04-07 00:04:00.188733,59.88,59.92
2025-04-07 00:04:00.476072,59.87,59.92
2025-04-07 00:04:01.025828,59.9,59.94
2025-04-07 00:04:01.647739,59.9,59.95
2025-04-07 00:04:01.728265,59.89,59.93
2025-04-07 00:04:02.419413,59.9,59.94
2025-04-07 00:04:02.939586,59.87,59.91
2025-04-07 00:04:03.210621,59.89,59.94
2025-04-07 00:04:04.177351,59.9,59.94
2025-04-07 00:04:04.678097,59.91,59.95
2025-04-07 00:04:05.303258,59.88,59.92
2025-04-07 00:04:05.795405,59.9,59.94
2025-04-07 00:04:06.083091,59.89,59.93
2025-04-07 00:04:06.403933,59.85,59.9
2025-04-07 00:04:06.655695,59.86,59.91
2025-04-07 00:04:06.861588,59.85,59.89
2025-04-07 00:04:07.101824,59.88,59.92
2025-04-07 00:04:08.171874,59.86,59.9
2025-04-07 00:04:10.113392,59.87,59.91
2025-04-07 00:04:10.220168,59.85,59.89
2025-04-07 00:04:10.695690,59.88,59.92
2025-04-07 00:04:10.733567,59.84,59.89
2025-04-07 00:04:11.287471,59.85,59.89
2025-04-07 00:04:11.574380,59.88,59.92
2025-04-07 00:04:12.899693,59.87,59.91
2025-04-07 00:04:14.094448,59.89,59.93
2025-04-07 00:04:14.236115,59.87,59.91
2025-04-07 00:04:15.115165,59.89,59.93
2025-04-07 00:04:17.132024,59.88,59.93
2025-04-07 00:04:17.921856,59.88,59.92
2025-04-07 00:04:18.475930,59.87,59.91
2025-04-07 00:04:21.480028,59.89,59.93
2025-04-07 00:04:21.883231,59.83,59.87
2025-04-07 00:04:24.539422,59.82,59.87
2025-04-07 00:04:24.806405,59.82,59.86
2025-04-07 00:04:25.045416,59.81,59.85
2025-04-07 00:04:26.180240,59.83,59.88
2025-04-07 00:04:26.520894,59.84,59.88
2025-04-07 00:04:28.396347,59.82,59.86
2025-04-07 00:04:28.743835,59.83,59.87
2025-04-07 00:04:28.860513,59.84,59.88
2025-04-07 00:04:29.423498,59.8,59.84
2025-04-07 00:04:29.636374,59.83,59.87
2025-04-07 00:04:30.166030,59.79,59.83
2025-04-07 00:04:30.874560,59.81,59.85
2025-04-07 00:04:33.280594,59.78,59.82
2025-04-07 00:04:33.730852,59.77,59.82
2025-04-07 00:04:34.408468,59.75,59.79
2025-04-07 00:04:35.656711,59.73,59.77
2025-04-07 00:04:37.765479,59.74,59.78
2025-04-07 00:04:38.133386,59.73,59.77
2025-04-07 00:04:39.147826,59.74,59.78
2025-04-07 00:04:39.644069,59.72,59.76
2025-04-07 00:04:40.117836,59.71,59.76
2025-04-07 00:04:40.361033,59.7,59.74
2025-04-07 00:04:40.972003,59.71,59.75
2025-04-07 00:04:41.182139,59.69,59.73
2025-04-07 00:04:42.172197,59.7,59.75
2025-04-07 00:04:42.666480,59.68,59.72
2025-04-07 00:04:43.263407,59.7,59.74
2025-04-07 00:04:43.673867,59.66,59.7
2025-04-07 00:04:44.829408,59.69,59.73
2025-04-07 00:04:46.334952,59.68,59.72
2025-04-07 00:04:46.467341,59.65,59.69
2025-04-07 00:04:46.989709,59.68,59.72
2025-04-07 00:04:47.518215,59.66,59.7
2025-04-07 00:04:48.083991,59.68,59.72
2025-04-07 00:04:48.319539,59.67,59.71
2025-04-07 00:04:48.520988,59.64,59.68
2025-04-07 00:04:48.795057,59.65,59.69
2025-04-07 00:04:49.023966,59.66,59.7
2025-04-07 00:04:49.386975,59.65,59.69
2025-04-07 00:04:50.730830,59.66,59.7
2025-04-07 00:04:53.035602,59.67,59.71
2025-04-07 00:04:53.733279,59.66,59.7
2025-04-07 00:04:55.002538,59.65,59.69
2025-04-07 00:04:55.419035,59.66,59.7
2025-04-07 00:04:55.598998,59.63,59.67
2025-04-07 00:04:55.850391,59.65,59.69
2025-04-07 00:04:58.181966,59.66,59.7
2025-04-07 00:04:58.625692,59.63,59.67
2025-04-07 00:04:58.873512,59.65,59.69
2025-04-07 00:04:59.347937,59.67,59.71
2025-04-07 00:04:59.551445,59.66,59.7
2025-04-07 00:04:59.836548,59.64,59.68
2025-04-07 00:05:00.192217,59.65,59.69
2025-04-07 00:05:01.046898,59.67,59.71
2025-04-07 00:05:01.509638,59.64,59.68
2025-04-07 00:05:01.673263,59.63,59.68
2025-04-07 00:05:02.057421,59.63,59.67
2025-04-07 00:05:05.131094,59.66,59.7
2025-04-07 00:05:05.618018,59.65,59.69
2025-04-07 00:05:06.542284,59.66,59.7
2025-04-07 00:05:06.654398,59.64,59.68
2025-04-07 00:05:07.380244,59.65,59.69
2025-04-07 00:05:07.648727,59.64,59.68
2025-04-07 00:05:07.740637,59.66,59.7
2025-04-07 00:05:08.633136,59.67,59.71
2025-04-07 00:05:08.896235,59.66,59.7
2025-04-07 00:05:09.360751,59.65,59.7
2025-04-07 00:05:11.457449,59.67,59.71
2025-04-07 00:05:11.713870,59.7,59.74
2025-04-07 00:05:11.902312,59.68,59.72
2025-04-07 00:05:12.624659,59.69,59.73
2025-04-07 00:05:12.997662,59.71,59.75
2025-04-07 00:05:14.061982,59.68,59.72
2025-04-07 00:05:14.553456,59.7,59.74
2025-04-07 00:05:17.324577,59.68,59.73
2025-04-07 00:05:17.802938,59.68,59.72
2025-04-07 00:05:18.350909,59.7,59.74
2025-04-07 00:05:18.751116,59.68,59.73
2025-04-07 00:05:19.214382,59.69,59.73
2025-04-07 00:05:19.752558,59.68,59.72
2025-04-07 00:05:20.265387,59.7,59.75
2025-04-07 00:05:21.405783,59.69,59.73
2025-04-07 00:05:21.965671,59.7,59.74
2025-04-07 00:05:22.365574,59.71,59.75
2025-04-07 00:05:23.996500,59.7,59.75
2025-04-07 00:05:24.665498,59.69,59.73
2025-04-07 00:05:24.888721,59.68,59.72
2025-04-07 00:05:25.238566,59.71,59.75
2025-04-07 00:05:26.657608,59.68,59.72
2025-04-07 00:05:27.121896,59.71,59.75
2025-04-07 00:05:28.242547,59.68,59.72
2025-04-07 00:05:30.704782,59.7,59.75
2025-04-07 00:05:32.074096,59.7,59.74
2025-04-07 00:05:32.514323,59.69,59.73
2025-04-07 00:05:33.287481,59.7,59.74
2025-04-07 00:05:34.325887,59.69,59.73
2025-04-07 00:05:35.619260,59.68,59.72
2025-04-07 00:05:36.108395,59.69,59.73
2025-04-07 00:05:37.885949,59.68,59.72
2025-04-07 00:05:43.936911,59.7,59.74
2025-04-07 00:05:45.526093,59.68,59.72
2025-04-07 00:05:45.788885,59.69,59.73
2025-04-07 00:05:46.170514,59.74,59.78
2025-04-07 00:05:46.893410,59.75,59.79
2025-04-07 00:05:47.513540,59.74,59.78
2025-04-07 00:05:48.295441,59.72,59.76
2025-04-07 00:05:50.649927,59.74,59.78
2025-04-07 00:05:54.236371,59.72,59.77
2025-04-07 00:05:55.328476,59.74,59.79
2025-04-07 00:05:56.002050,59.75,59.79
2025-04-07 00:05:56.685357,59.72,59.76
2025-04-07 00:05:57.242665,59.73,59.77
2025-04-07 00:05:57.441003,59.71,59.75
2025-04-07 00:05:58.276375,59.7,59.74
2025-04-07 00:05:59.603388,59.72,59.76
2025-04-07 00:06:00.409362,59.7,59.74
2025-04-07 00:06:00.682792,59.69,59.73
2025-04-07 00:06:01.361469,59.71,59.75
2025-04-07 00:06:04.520566,59.69,59.73
2025-04-07 00:06:04.812445,59.69,59.74
2025-04-07 00:06:05.610156,59.78,59.82
2025-04-07 00:06:06.135540,59.8,59.84
2025-04-07 00:06:06.623340,59.79,59.83
2025-04-07 00:06:08.042279,59.81,59.85
2025-04-07 00:06:09.370273,59.79,59.83
2025-04-07 00:06:09.877191,59.77,59.82
2025-04-07 00:06:10.152338,59.77,59.81
2025-04-07 00:06:10.987672,59.77,59.82
2025-04-07 00:06:11.835819,59.76,59.8
2025-04-07 00:06:12.462314,59.74,59.79
2025-04-07 00:06:12.730967,59.75,59.79
2025-04-07 00:06:12.921674,59.75,59.8
2025-04-07 00:06:14.138938,59.77,59.81
2025-04-07 00:06:15.130129,59.74,59.78
2025-04-07 00:06:17.220691,59.71,59.75
2025-04-07 00:06:18.811788,59.72,59.77
2025-04-07 00:06:20.822456,59.71,59.75
2025-04-07 00:06:21.134550,59.7,59.74
2025-04-07 00:06:23.549163,59.71,59.75
2025-04-07 00:06:25.613121,59.73,59.77
2025-04-07 00:06:26.264344,59.72,59.76
2025-04-07 00:06:27.774850,59.7,59.75
2025-04-07 00:06:29.887985,59.73,59.77
2025-04-07 00:06:30.215214,59.74,59.78
2025-04-07 00:06:31.049494,59.72,59.76
2025-04-07 00:06:34.147060,59.68,59.73
2025-04-07 00:06:34.771781,59.71,59.76
2025-04-07 00:06:35.044188,59.7,59.76
2025-04-07 00:06:35.834230,59.68,59.72
2025-04-07 00:06:36.675001,59.69,59.73
2025-04-07 00:06:44.773596,59.67,59.71
2025-04-07 00:06:46.364337,59.7,59.74
2025-04-07 00:06:48.326199,59.69,59.73
2025-04-07 00:06:49.031442,59.67,59.71
2025-04-07 00:06:49.567163,59.66,59.7
2025-04-07 00:06:50.299609,59.64,59.69
2025-04-07 00:06:50.508733,59.64,59.68
2025-04-07 00:06:51.598030,59.67,59.71
2025-04-07 00:06:53.754956,59.65,59.7
2025-04-07 00:06:55.362257,59.66,59.7
2025-04-07 00:06:59.605273,59.66,59.71
2025-04-07 00:06:59.832819,59.71,59.75
2025-04-07 00:07:01.318314,59.69,59.73
2025-04-07 00:07:01.515573,59.71,59.75
2025-04-07 00:07:02.035141,59.69,59.74
2025-04-07 00:07:03.749423,59.68,59.72
2025-04-07 00:07:04.025176,59.67,59.71
2025-04-07 00:07:05.364296,59.68,59.72
2025-04-07 00:07:06.819456,59.7,59.74
2025-04-07 00:07:08.735592,59.69,59.73
2025-04-07 00:07:20.899584,59.68,59.72
2025-04-07 00:07:30.058838,59.7,59.74
2025-04-07 00:07:30.680066,59.67,59.71
2025-04-07 00:07:32.127530,59.66,59.71
2025-04-07 00:07:33.225251,59.68,59.72
2025-04-07 00:07:35.333852,59.67,59.71
2025-04-07 00:07:36.360405,59.68,59.73
2025-04-07 00:07:37.663489,59.7,59.75
2025-04-07 00:07:39.082337,59.71,59.75
2025-04-07 00:07:40.941797,59.7,59.74
2025-04-07 00:07:44.255751,59.71,59.75
2025-04-07 00:07:44.744488,59.7,59.74
2025-04-07 00:07:45.447345,59.72,59.76
2025-04-07 00:07:47.403070,59.73,59.77
2025-04-07 00:07:47.898974,59.72,59.76
2025-04-07 00:08:01.170075,59.74,59.78
2025-04-07 00:08:01.558511,59.71,59.75
2025-04-07 00:08:03.085073,59.73,59.77
2025-04-07 00:08:07.559697,59.71,59.75
2025-04-07 00:08:11.256049,59.7,59.74
2025-04-07 00:08:11.792326,59.69,59.74
2025-04-07 00:08:12.954944,59.69,59.73
2025-04-07 00:08:15.736703,59.68,59.72
2025-04-07 00:08:16.267758,59.65,59.69
2025-04-07 00:08:17.362274,59.67,59.71
2025-04-07 00:08:20.048174,59.68,59.72
2025-04-07 00:08:20.538825,59.67,59.71
2025-04-07 00:08:21.035414,59.64,59.69
2025-04-07 00:08:21.870369,59.66,59.7
2025-04-07 00:08:22.747470,59.68,59.72
2025-04-07 00:08:24.864114,59.65,59.69
2025-04-07 00:08:25.186526,59.68,59.72
2025-04-07 00:08:26.618479,59.65,59.69
2025-04-07 00:08:27.024392,59.67,59.72
2025-04-07 00:08:31.446833,59.65,59.7
2025-04-07 00:08:32.551523,59.68,59.72
2025-04-07 00:08:33.090276,59.67,59.71
2025-04-07 00:08:35.726866,59.68,59.72
2025-04-07 00:08:36.221876,59.66,59.7
2025-04-07 00:08:37.215678,59.65,59.7
2025-04-07 00:08:38.301912,59.63,59.67
2025-04-07 00:08:39.941380,59.65,59.69
2025-04-07 00:08:44.685854,59.66,59.7
2025-04-07 00:08:47.707517,59.63,59.67
2025-04-07 00:08:48.988199,59.65,59.69
2025-04-07 00:08:53.491033,59.64,59.68
2025-04-07 00:08:54.401910,59.65,59.69
2025-04-07 00:08:54.714773,59.66,59.7
2025-04-07 00:08:57.839629,59.63,59.67
2025-04-07 00:08:58.343437,59.61,59.65
2025-04-07 00:08:58.457884,59.64,59.68
2025-04-07 00:09:01.296192,59.63,59.67
2025-04-07 00:09:01.539636,59.62,59.66
2025-04-07 00:09:02.358203,59.63,59.68
2025-04-07 00:09:03.220022,59.62,59.66
2025-04-07 00:09:04.379249,59.63,59.67
2025-04-07 00:09:07.806247,59.65,59.69
2025-04-07 00:09:12.515919,59.64,59.68
2025-04-07 00:09:13.638203,59.65,59.69
2025-04-07 00:09:14.340513,59.64,59.68
2025-04-07 00:09:21.083628,59.65,59.7
2025-04-07 00:09:21.587336,59.63,59.67
2025-04-07 00:09:23.170178,59.65,59.69
2025-04-07 00:09:23.434295,59.63,59.67
2025-04-07 00:09:23.849930,59.64,59.68
2025-04-07 00:09:25.021722,59.63,59.67
2025-04-07 00:09:26.775706,59.66,59.7
2025-04-07 00:09:27.477909,59.63,59.67
2025-04-07 00:09:31.554368,59.64,59.68
2025-04-07 00:09:33.628094,59.62,59.66
2025-04-07 00:09:35.030353,59.65,59.69
2025-04-07 00:09:37.366366,59.62,59.66
2025-04-07 00:09:38.973523,59.61,59.65
2025-04-07 00:09:39.621265,59.63,59.67
2025-04-07 00:09:41.523370,59.61,59.66
2025-04-07 00:09:41.683213,59.65,59.69
2025-04-07 00:09:43.816540,59.63,59.67
2025-04-07 00:09:44.965710,59.66,59.7
2025-04-07 00:09:46.555260,59.65,59.69
2025-04-07 00:09:47.742018,59.66,59.7
2025-04-07 00:09:48.520307,59.63,59.67
2025-04-07 00:09:49.337124,59.64,59.68
2025-04-07 00:09:49.667805,59.66,59.7
2025-04-07 00:09:52.806192,59.64,59.68
2025-04-07 00:09:53.846611,59.65,59.69
2025-04-07 00:09:54.888496,59.63,59.67
2025-04-07 00:09:55.794095,59.66,59.7
2025-04-07 00:09:58.044778,59.63,59.67
2025-04-07 00:09:59.593127,59.64,59.68
2025-04-07 00:10:01.744979,59.62,59.66
2025-04-07 00:10:03.245654,59.63,59.67
2025-04-07 00:10:06.343629,59.64,59.68
2025-04-07 00:10:07.972012,59.65,59.69
2025-04-07 00:10:09.178600,59.63,59.67
2025-04-07 00:10:14.865428,59.64,59.68
2025-04-07 00:10:15.963539,59.66,59.7
2025-04-07 00:10:21.739816,59.64,59.68
2025-04-07 00:10:22.635717,59.65,59.69
2025-04-07 00:10:23.791630,59.66,59.7
2025-04-07 00:10:24.436074,59.67,59.71
2025-04-07 00:10:24.965788,59.66,59.7
2025-04-07 00:10:26.274013,59.65,59.69
2025-04-07 00:10:27.207252,59.66,59.7
2025-04-07 00:10:27.889313,59.67,59.71
2025-04-07 00:10:28.831085,59.64,59.68
2025-04-07 00:10:30.180957,59.65,59.69
2025-04-07 00:10:32.773142,59.67,59.71
2025-04-07 00:10:42.502472,59.66,59.7
2025-04-07 00:10:46.023698,59.65,59.69
2025-04-07 00:10:46.848778,59.66,59.7
2025-04-07 00:10:48.118801,59.65,59.69
2025-04-07 00:10:48.960401,59.67,59.71
2025-04-07 00:10:49.409107,59.66,59.7
2025-04-07 00:10:50.908206,59.64,59.68
2025-04-07 00:10:51.655837,59.61,59.65
2025-04-07 00:10:54.380142,59.62,59.66
2025-04-07 00:10:55.418538,59.6,59.64
2025-04-07 00:10:56.160233,59.62,59.66
2025-04-07 00:10:56.667291,59.59,59.63
2025-04-07 00:10:57.057206,59.58,59.62
2025-04-07 00:10:57.442776,59.61,59.65
2025-04-07 00:10:57.948960,59.6,59.64
2025-04-07 00:10:58.886281,59.61,59.65
2025-04-07 00:10:59.573797,59.63,59.67
2025-04-07 00:10:59.939546,59.62,59.66
2025-04-07 00:11:01.442327,59.64,59.69
2025-04-07 00:11:02.138102,59.62,59.66
2025-04-07 00:11:02.376951,59.64,59.68
2025-04-07 00:11:03.829382,59.62,59.66
2025-04-07 00:11:13.636797,59.64,59.68
2025-04-07 00:11:14.219938,59.61,59.65
2025-04-07 00:11:18.680273,59.6,59.64
2025-04-07 00:11:18.915809,59.62,59.66
2025-04-07 00:11:19.583921,59.59,59.63
2025-04-07 00:11:19.805951,59.58,59.62
2025-04-07 00:11:21.170955,59.57,59.62
2025-04-07 00:11:21.303340,59.57,59.61
2025-04-07 00:11:21.806236,59.58,59.62
2025-04-07 00:11:22.206278,59.56,59.6
2025-04-07 00:11:22.809037,59.57,59.61
2025-04-07 00:11:24.807352,59.59,59.63
2025-04-07 00:11:28.774851,59.57,59.61
2025-04-07 00:11:29.289958,59.59,59.63
2025-04-07 00:11:29.441241,59.56,59.6
2025-04-07 00:11:29.750238,59.55,59.59
2025-04-07 00:11:31.654551,59.56,59.6
2025-04-07 00:11:31.938862,59.58,59.62
2025-04-07 00:11:32.975451,59.56,59.6
2025-04-07 00:11:33.756466,59.56,59.61
2025-04-07 00:11:36.373846,59.59,59.63
2025-04-07 00:11:38.759855,59.56,59.6
2025-04-07 00:11:40.890598,59.55,59.59
2025-04-07 00:11:42.085785,59.56,59.6
2025-04-07 00:11:46.409542,59.57,59.61
2025-04-07 00:11:49.856618,59.58,59.62
2025-04-07 00:11:51.219379,59.57,59.61
2025-04-07 00:11:52.964889,59.56,59.6
2025-04-07 00:11:55.953416,59.57,59.61
2025-04-07 00:11:56.919896,59.56,59.6
2025-04-07 00:11:58.838184,59.56,59.61
2025-04-07 00:11:59.405865,59.56,59.6
2025-04-07 00:11:59.641550,59.55,59.59
2025-04-07 00:12:00.022031,59.56,59.6
2025-04-07 00:12:07.028826,59.58,59.62
2025-04-07 00:12:10.593319,59.59,59.63
2025-04-07 00:12:12.423676,59.57,59.61
2025-04-07 00:12:13.965613,59.58,59.62
2025-04-07 00:12:14.581369,59.57,59.61
2025-04-07 00:12:14.611613,59.56,59.6
2025-04-07 00:12:15.246000,59.58,59.62
2025-04-07 00:12:16.589291,59.56,59.6
2025-04-07 00:12:19.062023,59.55,59.59
2025-04-07 00:12:20.897883,59.54,59.59
2025-04-07 00:12:21.335174,59.54,59.58
2025-04-07 00:12:22.789548,59.55,59.59
2025-04-07 00:12:23.575415,59.56,59.6
2025-04-07 00:12:24.351534,59.57,59.61
2025-04-07 00:12:24.543986,59.56,59.6
2025-04-07 00:12:25.834097,59.54,59.58
2025-04-07 00:12:26.516806,59.53,59.57
2025-04-07 00:12:26.801472,59.54,59.58
2025-04-07 00:12:27.874406,59.56,59.6
2025-04-07 00:12:29.011771,59.57,59.61
2025-04-07 00:12:29.336417,59.56,59.6
2025-04-07 00:12:30.135697,59.53,59.58
2025-04-07 00:12:31.095061,59.55,59.59
2025-04-07 00:12:31.963396,59.52,59.56
2025-04-07 00:12:32.382170,59.45,59.49
2025-04-07 00:12:33.238959,59.46,59.5
2025-04-07 00:12:33.744217,59.45,59.49
2025-04-07 00:12:34.648854,59.48,59.52
2025-04-07 00:12:35.141312,59.46,59.51
2025-04-07 00:12:35.670163,59.47,59.51
2025-04-07 00:12:36.808749,59.44,59.48
2025-04-07 00:12:37.315733,59.47,59.51
2025-04-07 00:12:39.344532,59.46,59.5
2025-04-07 00:12:39.697828,59.44,59.48
2025-04-07 00:12:39.772176,59.46,59.5
2025-04-07 00:12:41.178997,59.47,59.51
2025-04-07 00:12:41.537118,59.45,59.49
2025-04-07 00:12:42.027597,59.47,59.51
2025-04-07 00:12:43.959107,59.48,59.52
2025-04-07 00:12:44.261317,59.46,59.5
2025-04-07 00:12:47.093170,59.49,59.53
2025-04-07 00:12:47.296016,59.5,59.54
2025-04-07 00:12:48.228348,59.51,59.55
2025-04-07 00:12:48.558439,59.52,59.56
2025-04-07 00:12:49.748514,59.5,59.54
2025-04-07 00:12:50.654912,59.49,59.53
2025-04-07 00:12:51.413019,59.5,59.54
2025-04-07 00:12:51.872643,59.51,59.56
2025-04-07 00:12:52.688389,59.54,59.58
2025-04-07 00:12:53.780231,59.56,59.6
2025-04-07 00:12:54.284722,59.58,59.62
2025-04-07 00:12:54.823448,59.54,59.58
2025-04-07 00:12:56.740492,59.55,59.59
2025-04-07 00:12:57.361779,59.54,59.59
2025-04-07 00:12:57.701601,59.55,59.59
2025-04-07 00:12:58.917104,59.56,59.6
2025-04-07 00:12:59.648693,59.59,59.63
2025-04-07 00:12:59.907328,59.56,59.6
2025-04-07 00:13:00.114487,59.57,59.61
2025-04-07 00:13:01.406889,59.56,59.6
2025-04-07 00:13:01.671403,59.57,59.61
2025-04-07 00:13:03.522934,59.55,59.59
2025-04-07 00:13:03.682215,59.56,59.6
2025-04-07 00:13:03.941024,59.57,59.61
2025-04-07 00:13:04.889255,59.54,59.58
2025-04-07 00:13:05.928872,59.55,59.6
2025-04-07 00:13:06.271623,59.55,59.59
2025-04-07 00:13:10.961208,59.56,59.6
2025-04-07 00:13:11.069988,59.54,59.58
2025-04-07 00:13:12.969414,59.55,59.59
2025-04-07 00:13:13.218032,59.54,59.58
2025-04-07 00:13:14.655252,59.53,59.57
2025-04-07 00:13:18.937536,59.52,59.56
2025-04-07 00:13:19.999722,59.54,59.58
2025-04-07 00:13:24.038065,59.51,59.55
2025-04-07 00:13:25.085392,59.5,59.54
2025-04-07 00:13:26.353924,59.52,59.56
2025-04-07 00:13:28.020437,59.53,59.57
2025-04-07 00:13:29.212687,59.51,59.55
2025-04-07 00:13:30.212777,59.52,59.56
2025-04-07 00:13:34.157014,59.53,59.57
2025-04-07 00:13:36.012889,59.5,59.55
2025-04-07 00:13:36.154352,59.51,59.55
2025-04-07 00:13:37.864931,59.5,59.54
2025-04-07 00:13:41.392808,59.53,59.57
2025-04-07 00:13:42.963316,59.51,59.55
2025-04-07 00:13:43.804920,59.52,59.56
2025-04-07 00:13:44.137239,59.53,59.57
2025-04-07 00:13:46.091515,59.5,59.54
2025-04-07 00:13:46.863355,59.51,59.55
2025-04-07 00:13:48.404517,59.53,59.57
2025-04-07 00:13:49.467462,59.5,59.54
2025-04-07 00:13:52.066902,59.52,59.56
2025-04-07 00:13:55.129138,59.51,59.55
2025-04-07 00:13:57.072178,59.5,59.54
2025-04-07 00:14:00.067441,59.53,59.57
2025-04-07 00:14:01.032707,59.5,59.54
2025-04-07 00:14:01.554412,59.49,59.53
2025-04-07 00:14:02.054012,59.51,59.55
2025-04-07 00:14:02.428095,59.48,59.52
2025-04-07 00:14:02.835607,59.49,59.53
2025-04-07 00:14:04.586866,59.5,59.54
2025-04-07 00:14:05.355745,59.48,59.52
2025-04-07 00:14:06.672901,59.47,59.51
2025-04-07 00:14:06.920093,59.49,59.53
2025-04-07 00:14:07.337544,59.48,59.52
2025-04-07 00:14:07.698581,59.49,59.53
2025-04-07 00:14:08.632114,59.47,59.51
2025-04-07 00:14:14.304914,59.49,59.53
2025-04-07 00:14:15.101784,59.49,59.54
2025-04-07 00:14:16.659773,59.49,59.53
2025-04-07 00:14:19.336950,59.51,59.55
2025-04-07 00:14:20.506734,59.48,59.52
2025-04-07 00:14:23.445523,59.5,59.55
2025-04-07 00:14:23.945205,59.51,59.55
2025-04-07 00:14:24.858976,59.49,59.53
2025-04-07 00:14:28.806590,59.53,59.57
2025-04-07 00:14:29.234274,59.51,59.55
2025-04-07 00:14:29.726845,59.52,59.56
2025-04-07 00:14:32.586561,59.53,59.57
2025-04-07 00:14:47.204803,59.51,59.55
2025-04-07 00:14:47.658184,59.53,59.57
2025-04-07 00:14:48.856103,59.51,59.55
2025-04-07 00:14:55.845748,59.53,59.57
2025-04-07 00:14:58.833945,59.5,59.54
2025-04-07 00:14:59.416051,59.53,59.57
2025-04-07 00:14:59.986522,59.51,59.55
2025-04-07 00:15:00.611852,59.53,59.57
2025-04-07 00:15:00.872039,59.52,59.56
2025-04-07 00:15:01.339400,59.56,59.6
2025-04-07 00:15:06.505711,59.55,59.59
2025-04-07 00:15:06.759035,59.56,59.6
2025-04-07 00:15:09.408689,59.55,59.59
2025-04-07 00:15:11.191844,59.58,59.62
2025-04-07 00:15:12.210714,59.55,59.59
2025-04-07 00:15:12.398557,59.58,59.62
2025-04-07 00:15:12.852218,59.55,59.59
2025-04-07 00:15:14.199843,59.58,59.62
2025-04-07 00:15:14.518949,59.55,59.6
2025-04-07 00:15:15.737949,59.56,59.6
2025-04-07 00:15:18.435239,59.55,59.59
2025-04-07 00:15:19.858340,59.53,59.57
2025-04-07 00:15:20.438819,59.56,59.6
2025-04-07 00:15:24.630015,59.54,59.58
2025-04-07 00:15:26.386402,59.57,59.61
2025-04-07 00:15:29.090495,59.56,59.6
2025-04-07 00:15:35.003398,59.53,59.58
2025-04-07 00:15:36.776985,59.54,59.58
2025-04-07 00:15:37.308297,59.53,59.57
2025-04-07 00:15:37.706786,59.55,59.59
2025-04-07 00:15:41.136795,59.53,59.57
2025-04-07 00:15:46.240896,59.52,59.56
2025-04-07 00:15:46.642551,59.49,59.54
2025-04-07 00:15:47.353202,59.52,59.56
2025-04-07 00:15:49.070789,59.53,59.57
2025-04-07 00:15:49.534314,59.52,59.56
2025-04-07 00:15:49.854857,59.5,59.54
2025-04-07 00:15:51.359560,59.52,59.57
2025-04-07 00:15:52.592807,59.51,59.55
2025-04-07 00:15:52.838701,59.5,59.54
2025-04-07 00:15:54.375909,59.5,59.55
2025-04-07 00:15:57.387939,59.52,59.56
2025-04-07 00:15:57.653834,59.5,59.54
2025-04-07 00:16:00.634991,59.52,59.57
2025-04-07 00:16:01.250094,59.52,59.56
2025-04-07 00:16:02.454869,59.5,59.56
2025-04-07 00:16:02.682289,59.52,59.56
2025-04-07 00:16:03.409655,59.53,59.57
2025-04-07 00:16:03.958965,59.54,59.58
2025-04-07 00:16:08.054448,59.58,59.62
2025-04-07 00:16:08.100741,59.57,59.61
2025-04-07 00:16:10.262993,59.59,59.63
2025-04-07 00:16:12.352709,59.58,59.62
2025-04-07 00:16:13.728072,59.57,59.61
2025-04-07 00:16:15.508481,59.58,59.62
2025-04-07 00:16:16.583167,59.6,59.64
2025-04-07 00:16:19.383340,59.58,59.62
2025-04-07 00:16:20.172159,59.6,59.64
2025-04-07 00:16:21.124293,59.57,59.61
2025-04-07 00:16:22.059848,59.6,59.64
2025-04-07 00:16:22.807979,59.57,59.61
2025-04-07 00:16:28.435464,59.59,59.63
2025-04-07 00:16:37.403225,59.6,59.64
2025-04-07 00:16:43.167319,59.59,59.63
2025-04-07 00:16:43.979492,59.56,59.6
2025-04-07 00:16:49.610314,59.59,59.63
2025-04-07 00:16:51.130986,59.58,59.62
2025-04-07 00:16:51.802703,59.57,59.61
2025-04-07 00:16:56.855621,59.55,59.59
2025-04-07 00:16:58.526107,59.57,59.61
2025-04-07 00:17:00.299310,59.54,59.58
2025-04-07 00:17:01.230940,59.55,59.59
2025-04-07 00:17:03.653937,59.53,59.57
2025-04-07 00:17:05.004996,59.52,59.57
2025-04-07 00:17:05.536762,59.52,59.56
2025-04-07 00:17:05.952094,59.51,59.55
2025-04-07 00:17:10.181496,59.54,59.58
2025-04-07 00:17:18.065246,59.57,59.61
2025-04-07 00:17:18.332231,59.55,59.59
2025-04-07 00:17:20.794489,59.56,59.61
2025-04-07 00:17:21.307819,59.57,59.61
2025-04-07 00:17:22.549829,59.56,59.6
2025-04-07 00:17:26.066143,59.57,59.61
2025-04-07 00:17:30.386732,59.58,59.62
2025-04-07 00:17:33.748372,59.59,59.63
2025-04-07 00:17:34.080819,59.6,59.64
2025-04-07 00:17:34.687015,59.58,59.62
2025-04-07 00:17:35.541625,59.59,59.63
2025-04-07 00:17:37.642034,59.6,59.64
2025-04-07 00:17:39.270368,59.59,59.63
2025-04-07 00:17:40.733865,59.61,59.65
2025-04-07 00:17:41.222657,59.62,59.66
2025-04-07 00:17:46.404179,59.63,59.67
2025-04-07 00:17:46.900858,59.6,59.64
2025-04-07 00:17:48.865057,59.63,59.67
2025-04-07 00:17:49.871042,59.62,59.66
2025-04-07 00:17:51.701480,59.63,59.67
2025-04-07 00:17:52.406869,59.64,59.68
2025-04-07 00:17:54.885718,59.61,59.66
2025-04-07 00:17:55.388808,59.6,59.64
2025-04-07 00:17:55.780073,59.62,59.66
2025-04-07 00:18:05.691106,59.66,59.7
2025-04-07 00:18:06.607042,59.63,59.67
2025-04-07 00:18:07.625392,59.65,59.69
2025-04-07 00:18:09.674463,59.64,59.68
2025-04-07 00:18:10.172920,59.65,59.69
2025-04-07 00:18:10.949418,59.66,59.7
2025-04-07 00:18:14.355117,59.67,59.71
2025-04-07 00:18:14.629353,59.65,59.7
2025-04-07 00:18:15.358399,59.68,59.72
2025-04-07 00:18:17.099639,59.65,59.69
2025-04-07 00:18:19.367903,59.66,59.7
2025-04-07 00:18:20.904392,59.67,59.71
2025-04-07 00:18:21.235668,59.66,59.7
2025-04-07 00:18:22.232768,59.67,59.71
2025-04-07 00:18:23.607667,59.66,59.7
2025-04-07 00:18:24.481085,59.65,59.69
2025-04-07 00:18:25.188618,59.64,59.68
2025-04-07 00:18:25.403439,59.66,59.7
2025-04-07 00:18:29.315927,59.64,59.68
2025-04-07 00:18:30.179426,59.65,59.69
2025-04-07 00:18:30.683305,59.66,59.7
2025-04-07 00:18:32.754781,59.67,59.71
2025-04-07 00:18:33.542536,59.68,59.72
2025-04-07 00:18:38.542042,59.66,59.7
2025-04-07 00:18:40.247011,59.68,59.72
2025-04-07 00:18:42.053173,59.7,59.74
2025-04-07 00:18:45.804658,59.66,59.71
2025-04-07 00:18:45.999792,59.65,59.69
2025-04-07 00:18:51.992032,59.62,59.66
2025-04-07 00:18:52.532682,59.63,59.67
2025-04-07 00:18:52.894836,59.64,59.68
2025-04-07 00:18:54.530130,59.62,59.66
2025-04-07 00:18:56.784539,59.63,59.67
2025-04-07 00:18:59.377400,59.65,59.69
2025-04-07 00:19:03.360440,59.66,59.7
2025-04-07 00:19:04.783137,59.65,59.69
2025-04-07 00:19:05.443749,59.67,59.71
2025-04-07 00:19:06.930285,59.69,59.73
2025-04-07 00:19:08.447213,59.67,59.71
2025-04-07 00:19:10.702595,59.68,59.72
2025-04-07 00:19:10.897215,59.65,59.69
2025-04-07 00:19:11.950526,59.66,59.7
2025-04-07 00:19:14.952073,59.65,59.69
2025-04-07 00:19:17.381437,59.67,59.71
2025-04-07 00:19:18.404127,59.67,59.72
2025-04-07 00:19:21.705886,59.67,59.71
2025-04-07 00:19:22.553034,59.68,59.72
2025-04-07 00:19:30.748190,59.66,59.7
2025-04-07 00:19:38.780741,59.65,59.69
2025-04-07 00:19:42.129317,59.64,59.68
2025-04-07 00:19:43.060613,59.62,59.67
2025-04-07 00:19:43.854008,59.62,59.66
2025-04-07 00:19:45.643247,59.64,59.68
2025-04-07 00:19:48.077315,59.65,59.69
2025-04-07 00:19:51.143938,59.64,59.69
2025-04-07 00:19:51.840274,59.64,59.68
2025-04-07 00:19:52.446184,59.65,59.69
2025-04-07 00:19:57.946767,59.64,59.68
2025-04-07 00:19:58.790839,59.66,59.7
2025-04-07 00:19:59.303194,59.63,59.67
2025-04-07 00:20:00.373868,59.62,59.66
2025-04-07 00:20:01.884286,59.65,59.69
2025-04-07 00:20:03.076660,59.63,59.67
2025-04-07 00:20:07.335861,59.62,59.66
2025-04-07 00:20:09.105904,59.66,59.7
2025-04-07 00:20:09.633883,59.63,59.67
2025-04-07 00:20:11.626285,59.66,59.7
2025-04-07 00:20:12.716462,59.64,59.68
2025-04-07 00:20:12.985380,59.69,59.73
2025-04-07 00:20:13.767574,59.7,59.74
2025-04-07 00:20:16.230740,59.71,59.75
2025-04-07 00:20:16.355714,59.72,59.76
2025-04-07 00:20:17.768511,59.69,59.73
2025-04-07 00:20:18.129558,59.72,59.76
2025-04-07 00:20:18.463518,59.71,59.75
2025-04-07 00:20:18.770290,59.7,59.74
2025-04-07 00:20:22.010810,59.71,59.75
2025-04-07 00:20:22.084287,59.73,59.77
2025-04-07 00:20:23.361761,59.72,59.76
2025-04-07 00:20:26.724853,59.71,59.75
2025-04-07 00:20:28.481895,59.75,59.79
2025-04-07 00:20:29.861741,59.72,59.76
2025-04-07 00:20:31.889670,59.72,59.77
2025-04-07 00:20:32.166197,59.75,59.79
2025-04-07 00:20:32.657734,59.74,59.78
2025-04-07 00:20:33.270364,59.76,59.8
2025-04-07 00:20:33.930937,59.74,59.78
2025-04-07 00:20:35.870241,59.73,59.77
2025-04-07 00:20:36.678749,59.74,59.78
2025-04-07 00:20:38.681857,59.73,59.77
2025-04-07 00:20:39.948824,59.75,59.79
2025-04-07 00:20:41.217077,59.72,59.77
2025-04-07 00:20:43.010935,59.73,59.79
2025-04-07 00:20:43.323049,59.7,59.75
2025-04-07 00:20:44.806142,59.69,59.73
2025-04-07 00:20:45.888031,59.68,59.72
2025-04-07 00:20:46.391132,59.7,59.75
2025-04-07 00:20:46.502556,59.71,59.75
2025-04-07 00:20:47.149113,59.69,59.73
2025-04-07 00:20:48.116697,59.71,59.75
2025-04-07 00:20:49.350929,59.7,59.75
2025-04-07 00:20:49.853121,59.71,59.75
2025-04-07 00:20:50.664921,59.72,59.77
2025-04-07 00:20:51.099607,59.69,59.73
2025-04-07 00:20:53.387017,59.72,59.76
2025-04-07 00:20:59.112127,59.71,59.75
2025-04-07 00:21:00.271669,59.73,59.77
2025-04-07 00:21:01.881490,59.71,59.75
2025-04-07 00:21:04.520480,59.7,59.75
2025-04-07 00:21:04.829770,59.7,59.74
2025-04-07 00:21:05.097639,59.73,59.77
2025-04-07 00:21:06.745930,59.72,59.76
2025-04-07 00:21:09.680103,59.74,59.78
2025-04-07 00:21:13.684780,59.75,59.79
2025-04-07 00:21:15.089943,59.72,59.76
2025-04-07 00:21:17.444912,59.72,59.77
2025-04-07 00:21:19.255098,59.74,59.78
2025-04-07 00:21:32.190855,59.77,59.81
2025-04-07 00:21:32.590911,59.78,59.82
2025-04-07 00:21:43.958057,59.77,59.81
2025-04-07 00:21:44.463800,59.78,59.82
2025-04-07 00:21:47.684879,59.77,59.81
2025-04-07 00:21:47.949969,59.77,59.82
2025-04-07 00:21:48.438484,59.74,59.78
2025-04-07 00:21:51.768822,59.77,59.81
2025-04-07 00:21:54.938299,59.78,59.82
2025-04-07 00:22:08.080992,59.74,59.78
2025-04-07 00:22:08.744415,59.75,59.79
2025-04-07 00:22:09.208316,59.76,59.8
2025-04-07 00:22:11.141813,59.74,59.78
2025-04-07 00:22:14.026697,59.75,59.79
2025-04-07 00:22:18.252030,59.74,59.78
2025-04-07 00:22:24.729147,59.75,59.79
2025-04-07 00:22:25.586843,59.73,59.77
2025-04-07 00:22:27.253092,59.72,59.76
2025-04-07 00:22:33.904347,59.73,59.77
2025-04-07 00:22:36.263389,59.7,59.74
2025-04-07 00:22:36.763171,59.73,59.77
2025-04-07 00:22:37.223390,59.7,59.74
2025-04-07 00:22:38.487512,59.69,59.73
2025-04-07 00:22:39.704888,59.72,59.76
2025-04-07 00:22:39.720275,59.71,59.75
2025-04-07 00:22:43.020364,59.69,59.73
2025-04-07 00:22:45.566885,59.72,59.76
2025-04-07 00:22:49.839445,59.7,59.74
2025-04-07 00:22:50.587861,59.71,59.75
2025-04-07 00:22:51.942030,59.7,59.74
2025-04-07 00:22:52.550866,59.71,59.75
2025-04-07 00:22:53.417885,59.74,59.78
2025-04-07 00:22:56.097930,59.77,59.81
2025-04-07 00:22:57.348828,59.84,59.88
