timestamp,bid,ask
2025-04-05 21:09:05.064893,32.28,32.48
2025-04-06 21:55:04.520095,32.28,32.48
2025-04-06 22:00:07.977368,34.76,35.09
2025-04-06 22:00:08.494282,34.86,35.09
2025-04-06 22:00:08.665891,34.76,35.09
2025-04-06 22:00:09.284746,34.76,35.04
2025-04-06 22:00:09.787111,34.81,35.04
2025-04-06 22:00:10.305433,34.81,35.09
2025-04-06 22:00:10.816282,34.86,35.09
2025-04-06 22:00:11.307360,34.86,35.14
2025-04-06 22:00:12.166124,34.91,35.14
2025-04-06 22:00:12.924808,34.91,35.19
2025-04-06 22:00:13.231162,34.96,35.19
2025-04-06 22:00:17.340898,35.01,35.19
2025-04-06 22:00:17.692568,35.01,35.24
2025-04-06 22:00:18.362995,35.01,35.39
2025-04-06 22:00:19.505450,35.16,35.39
2025-04-06 22:00:21.549399,35.26,35.49
2025-04-06 22:00:22.732312,35.21,35.49
2025-04-06 22:00:24.361114,35.26,35.49
2025-04-06 22:00:25.690356,35.31,35.54
2025-04-06 22:00:26.192169,35.31,35.64
2025-04-06 22:00:28.203893,35.61,35.94
2025-04-06 22:00:30.414216,35.61,35.99
2025-04-06 22:00:31.026564,35.61,35.84
2025-04-06 22:00:31.745439,35.46,35.84
2025-04-06 22:00:32.470267,35.46,35.74
2025-04-06 22:00:32.561837,35.51,35.74
2025-04-06 22:00:33.503336,35.46,35.74
2025-04-06 22:00:34.161373,35.51,35.74
2025-04-06 22:00:39.858807,35.51,35.79
2025-04-06 22:00:40.362838,35.56,35.89
2025-04-06 22:00:41.878197,35.56,35.79
2025-04-06 22:00:42.377918,35.51,35.79
2025-04-06 22:00:43.082811,35.61,35.79
2025-04-06 22:00:44.933436,35.66,35.99
2025-04-06 22:00:47.136156,35.66,36.04
2025-04-06 22:00:48.195238,35.81,36.04
2025-04-06 22:00:51.992043,35.91,36.14
2025-04-06 22:00:52.988633,35.96,36.29
2025-04-06 22:00:53.481867,36.01,36.39
2025-04-06 22:00:55.246861,36.01,36.34
2025-04-06 22:00:56.525266,36.06,36.34
2025-04-06 22:00:58.979812,36.06,36.39
2025-04-06 22:01:00.385810,36.16,36.39
2025-04-06 22:01:00.872939,36.01,36.39
2025-04-06 22:01:01.367362,36.26,36.54
2025-04-06 22:01:03.375974,36.21,36.54
2025-04-06 22:01:05.500097,36.01,36.39
2025-04-06 22:01:06.093330,36.21,36.54
2025-04-06 22:01:06.953648,36.21,36.59
2025-04-06 22:01:07.696777,36.36,36.59
2025-04-06 22:01:08.676702,36.36,36.64
2025-04-06 22:01:09.931025,36.31,36.59
2025-04-06 22:01:10.680644,36.31,36.69
2025-04-06 22:01:13.456820,36.36,36.74
2025-04-06 22:01:16.823074,36.41,36.74
2025-04-06 22:01:17.478064,36.36,36.74
2025-04-06 22:01:17.720365,36.41,36.74
2025-04-06 22:01:17.910970,36.56,36.74
2025-04-06 22:01:18.271646,36.66,36.89
2025-04-06 22:01:21.263255,36.75,37.26
2025-04-06 22:01:24.945041,36.91,37.29
2025-04-06 22:01:27.707129,36.96,37.29
2025-04-06 22:01:30.428233,37.01,37.29
2025-04-06 22:01:35.194183,37.11,37.29
2025-04-06 22:01:36.401593,37.11,37.44
2025-04-06 22:01:36.889185,37.16,37.44
2025-04-06 22:01:37.199136,37.16,37.39
2025-04-06 22:01:38.033871,37.21,37.44
2025-04-06 22:01:40.101108,37.26,37.64
2025-04-06 22:01:41.523961,37.36,37.64
2025-04-06 22:01:42.503075,37.36,37.69
2025-04-06 22:01:43.744803,37.46,37.69
2025-04-06 22:01:44.477765,37.51,37.69
2025-04-06 22:01:44.926573,37.51,37.84
2025-04-06 22:01:47.616970,37.56,37.84
2025-04-06 22:01:48.982797,37.56,37.79
2025-04-06 22:01:50.674806,37.66,38.04
2025-04-06 22:21:01.903547,38.06,38.29
2025-04-06 22:21:03.546919,38.06,38.34
2025-04-06 22:21:04.460922,38.11,38.34
2025-04-06 22:21:06.661597,38.21,38.49
2025-04-06 22:21:11.320942,38.26,38.49
2025-04-06 22:21:13.105200,38.26,38.54
2025-04-06 22:21:14.111292,38.31,38.54
2025-04-06 22:21:15.682758,38.26,38.54
2025-04-06 22:21:18.513836,38.26,38.49
2025-04-06 22:21:25.530036,38.21,38.49
2025-04-06 22:21:31.313911,38.26,38.49
2025-04-06 22:21:41.969447,38.21,38.49
2025-04-06 22:21:43.045299,38.21,38.44
2025-04-06 22:21:50.057467,38.21,38.49
2025-04-06 22:21:52.363287,38.21,38.44
2025-04-06 22:21:53.788134,38.21,38.49
2025-04-06 22:22:13.756072,38.21,38.54
2025-04-06 22:22:27.214165,38.21,38.44
2025-04-06 22:22:28.263598,38.11,38.44
2025-04-06 22:22:33.981158,38.06,38.44
2025-04-06 22:22:37.156950,38.16,38.54
2025-04-06 22:22:47.338087,38.21,38.59
2025-04-06 22:22:59.281633,38.26,38.59
2025-04-06 22:23:02.408226,38.31,38.59
2025-04-06 22:23:03.407962,38.31,38.64
2025-04-06 22:23:05.041297,38.36,38.69
2025-04-06 22:23:11.355396,38.36,38.59
2025-04-06 22:23:11.994283,38.36,38.69
2025-04-06 22:23:13.331814,38.36,38.64
2025-04-06 22:23:16.367791,38.36,38.59
2025-04-06 22:23:17.633768,38.31,38.59
2025-04-06 22:23:18.829687,38.26,38.59
2025-04-06 22:23:29.644049,38.16,38.54
2025-04-06 22:23:31.721141,38.21,38.54
2025-04-06 22:23:43.166122,38.26,38.54
2025-04-06 22:23:44.198102,38.36,38.64
2025-04-06 22:23:46.148855,38.41,38.69
2025-04-06 22:23:48.825648,38.41,38.74
2025-04-06 22:24:01.178142,38.36,38.74
2025-04-06 22:24:09.580082,38.46,38.74
2025-04-06 22:24:14.093911,38.41,38.69
2025-04-06 22:24:21.055332,38.31,38.69
2025-04-06 22:24:30.327285,38.51,38.69
2025-04-06 22:24:31.141203,38.31,38.59
2025-04-06 22:24:32.504926,38.26,38.59
2025-04-06 22:24:33.374009,38.21,38.44
2025-04-06 22:24:39.087536,38.26,38.59
2025-04-06 22:24:46.344149,38.31,38.59
2025-04-06 22:24:48.712261,38.26,38.54
2025-04-06 22:24:49.555426,38.21,38.54
2025-04-06 22:24:52.411848,38.21,38.44
2025-04-06 22:24:54.416147,38.11,38.34
2025-04-06 22:24:57.003120,38.06,38.34
2025-04-06 22:24:59.867445,38.06,38.29
2025-04-06 22:25:02.280122,38.01,38.24
2025-04-06 22:25:03.731466,38.01,38.29
2025-04-06 22:25:12.323461,38.06,38.29
2025-04-06 22:25:14.874147,38.06,38.44
2025-04-06 22:25:21.198613,38.01,38.39
2025-04-06 22:25:22.388651,38.06,38.39
2025-04-06 22:25:24.583921,38.11,38.39
2025-04-06 22:25:26.291620,38.11,38.44
2025-04-06 22:25:53.187276,38.11,38.34
2025-04-06 22:25:54.446935,38.01,38.34
2025-04-06 22:25:56.039904,38.06,38.34
2025-04-06 22:26:02.244404,38.01,38.34
2025-04-06 22:26:03.651477,37.96,38.34
2025-04-06 22:26:07.115478,37.91,38.14
2025-04-06 22:26:08.892983,37.76,38.14
2025-04-06 22:26:11.281198,37.76,38.04
2025-04-06 22:26:14.244711,37.81,38.04
2025-04-06 22:26:14.965585,37.81,38.14
2025-04-06 22:26:15.956600,37.76,38.14
2025-04-06 22:26:20.133485,37.71,38.04
2025-04-06 22:26:44.692743,37.66,38.04
2025-04-06 22:26:45.889904,37.66,37.94
2025-04-06 22:26:48.051100,37.61,37.94
2025-04-06 22:26:48.328621,37.56,37.84
2025-04-06 22:26:49.410811,37.56,37.94
2025-04-06 22:26:54.303232,37.56,37.89
2025-04-06 22:26:55.224971,37.51,37.84
2025-04-06 22:26:56.393596,37.51,37.79
2025-04-06 22:26:58.701509,37.51,37.74
2025-04-06 22:27:00.101957,37.51,37.79
2025-04-06 22:27:02.570627,37.51,37.74
2025-04-06 22:27:04.058077,37.41,37.74
2025-04-06 22:27:05.880651,37.41,37.69
2025-04-06 22:27:06.716813,37.41,37.64
2025-04-06 22:27:09.049784,37.36,37.64
2025-04-06 22:27:16.839521,37.16,37.49
2025-04-06 22:27:25.093511,37.16,37.54
2025-04-06 22:27:28.575894,37.21,37.54
2025-04-06 22:27:33.853686,37.16,37.54
2025-04-06 22:27:34.379640,37.16,37.39
2025-04-06 22:27:35.902558,37.16,37.54
2025-04-06 22:27:38.052740,37.21,37.54
2025-04-06 22:27:57.811730,37.21,37.59
2025-04-06 22:28:00.904754,37.26,37.59
2025-04-06 22:28:03.463269,37.41,37.59
2025-04-06 22:28:04.728523,37.41,37.69
2025-04-06 22:28:06.856262,37.51,37.74
2025-04-06 22:28:10.240883,37.51,37.79
2025-04-06 22:28:11.727483,37.61,37.89
2025-04-06 22:28:22.273118,37.41,37.89
2025-04-06 22:28:23.355565,37.41,37.74
2025-04-06 22:28:24.377025,37.76,37.99
2025-04-06 22:28:28.330420,37.76,38.14
2025-04-06 22:28:29.229002,37.81,38.19
2025-04-06 22:28:30.322105,37.91,38.19
2025-04-06 22:28:42.734237,37.85,38.36
2025-04-06 22:28:56.643048,37.82,38.33
2025-04-06 22:29:10.726510,37.81,38.29
2025-04-06 22:29:18.725247,37.81,38.04
2025-04-06 22:29:22.685025,37.71,38.04
2025-04-06 22:29:27.691102,37.76,38.04
2025-04-06 22:29:43.714294,37.71,38.09
2025-04-06 22:29:58.913187,37.91,38.19
2025-04-06 22:30:06.581380,37.83,38.18
2025-04-06 22:30:12.854247,37.83,38.23
2025-04-06 22:30:14.370995,37.93,38.23
2025-04-06 22:30:14.870664,38.03,38.28
2025-04-06 22:30:16.418269,38.13,38.33
2025-04-06 22:30:18.773798,38.13,38.38
2025-04-06 22:30:23.820897,38.18,38.43
2025-04-06 22:30:24.439400,38.23,38.43
2025-04-06 22:30:25.455121,38.18,38.43
2025-04-06 22:30:27.917683,38.18,38.48
2025-04-06 22:30:29.147984,38.28,38.48
2025-04-06 22:30:33.233998,38.28,38.53
2025-04-06 22:30:33.896507,38.18,38.53
2025-04-06 22:30:36.221841,38.23,38.53
2025-04-06 22:30:37.333374,38.28,38.53
2025-04-06 22:30:39.213350,38.28,38.58
2025-04-06 22:31:01.031301,38.23,38.58
2025-04-06 22:31:05.355190,38.18,38.48
2025-04-06 22:31:18.089688,38.18,38.43
2025-04-06 22:31:25.370054,38.08,38.38
2025-04-06 22:31:38.840564,38.03,38.38
2025-04-06 22:31:39.846640,38.13,38.38
2025-04-06 22:31:49.074604,38.03,38.38
2025-04-06 22:31:49.434678,38.18,38.38
2025-04-06 22:31:51.227517,38.03,38.38
2025-04-06 22:32:12.833895,38.03,38.23
2025-04-06 22:32:14.169331,37.83,38.18
2025-04-06 22:32:15.565016,37.78,37.98
2025-04-06 22:32:29.531228,37.78,38.28
2025-04-06 22:32:44.275215,37.73,38.08
2025-04-06 22:32:45.103924,37.73,37.93
2025-04-06 22:32:46.041867,37.73,38.03
2025-04-06 22:32:57.001191,37.63,37.98
2025-04-06 22:33:06.368750,37.68,37.98
2025-04-06 22:33:09.534561,37.68,38.03
2025-04-06 22:33:27.074911,37.78,38.28
2025-04-06 22:33:50.368267,37.83,38.23
2025-04-06 22:33:53.685794,37.93,38.28
2025-04-06 22:34:11.022211,37.98,38.28
2025-04-06 22:34:34.942999,37.98,38.18
2025-04-06 22:34:42.512655,37.98,38.28
2025-04-06 22:34:56.502642,37.98,38.33
2025-04-06 22:34:57.751653,38.03,38.33
2025-04-06 22:35:27.745634,37.98,38.33
2025-04-06 22:35:29.141076,38.03,38.33
2025-04-06 22:35:41.933166,37.98,38.33
2025-04-06 22:35:42.517193,38.03,38.33
2025-04-06 22:35:42.874775,38.03,38.23
2025-04-06 22:35:47.117320,38.03,38.28
2025-04-06 22:35:52.555032,38.03,38.23
2025-04-06 22:35:54.494998,38.03,38.28
2025-04-06 22:36:00.864600,38.03,38.23
2025-04-06 22:36:02.916490,37.98,38.23
2025-04-06 22:36:12.735567,38.03,38.23
2025-04-06 22:36:14.226490,37.93,38.23
2025-04-06 22:36:18.837081,37.93,38.18
2025-04-06 22:36:27.694175,38.03,38.23
2025-04-06 22:36:32.071020,37.93,38.23
2025-04-06 22:36:34.375113,38.03,38.23
2025-04-06 22:36:49.790260,37.93,38.23
2025-04-06 22:36:57.500364,38.03,38.23
2025-04-06 22:36:58.831588,37.93,38.23
2025-04-06 22:37:02.319557,38.03,38.28
2025-04-06 22:37:04.571469,37.93,38.28
2025-04-06 22:37:05.388397,37.98,38.28
2025-04-06 22:37:07.400518,37.88,38.08
2025-04-06 22:37:08.367005,37.88,38.18
2025-04-06 22:43:41.957539,37.78,38.08
2025-04-06 22:43:43.844974,37.83,38.08
2025-04-06 22:43:44.730499,37.83,38.13
2025-04-06 22:43:46.804537,37.83,38.08
2025-04-06 22:43:47.314516,37.88,38.08
2025-04-06 22:43:49.170104,37.88,38.13
2025-04-06 22:44:10.299047,37.93,38.13
2025-04-06 22:44:11.041254,37.93,38.18
2025-04-06 22:44:19.036327,37.98,38.18
2025-04-06 22:44:19.852641,37.98,38.28
2025-04-06 22:44:27.800252,37.98,38.18
2025-04-06 22:44:28.843061,37.98,38.28
2025-04-06 22:44:43.731668,38.03,38.28
2025-04-06 22:44:50.663709,38.08,38.28
2025-04-06 22:44:53.834237,38.08,38.33
2025-04-06 22:44:54.326593,38.13,38.33
2025-04-06 22:44:55.600961,38.08,38.33
2025-04-06 22:44:58.689201,38.13,38.33
2025-04-06 22:45:02.187715,38.13,38.38
2025-04-06 22:45:15.906526,38.13,38.33
2025-04-06 22:45:23.927150,38.18,38.38
2025-04-06 22:45:24.874559,38.08,38.38
2025-04-06 22:45:39.497509,38.13,38.38
2025-04-06 22:45:45.029631,38.18,38.38
2025-04-06 22:46:18.905000,38.13,38.38
2025-04-06 22:46:22.494953,38.13,38.33
2025-04-06 22:46:31.101714,38.18,38.38
2025-04-06 22:46:35.091890,38.18,38.48
2025-04-06 22:46:36.881744,38.23,38.48
2025-04-06 22:46:55.403180,38.18,38.48
2025-04-06 22:47:11.792310,38.23,38.48
2025-04-06 22:47:21.546179,38.23,38.43
2025-04-06 22:47:26.864662,38.18,38.43
2025-04-06 22:47:35.307602,38.18,38.43
2025-04-06 22:47:40.505194,38.18,38.48
2025-04-06 22:47:43.823021,38.28,38.48
2025-04-06 22:47:45.031124,38.28,38.53
2025-04-06 22:47:46.014556,38.33,38.53
2025-04-06 22:47:49.181726,38.33,38.58
2025-04-06 22:47:52.927790,38.28,38.58
2025-04-06 22:47:54.859464,38.33,38.58
2025-04-06 22:48:11.137424,38.28,38.58
2025-04-06 22:48:13.457145,38.38,38.58
2025-04-06 22:48:15.885422,38.28,38.58
2025-04-06 22:48:17.584761,38.28,38.53
2025-04-06 22:48:25.431124,38.28,38.58
2025-04-06 22:48:26.313496,38.38,38.68
2025-04-06 22:48:28.877531,38.38,38.73
2025-04-06 22:48:29.516950,38.38,38.68
2025-04-06 22:48:33.968509,38.48,38.68
2025-04-06 22:48:35.656635,38.48,38.73
2025-04-06 22:48:42.576772,38.53,38.78
2025-04-06 22:48:46.190950,38.58,38.78
2025-04-06 22:48:49.768891,38.48,38.73
2025-04-06 22:48:51.724385,38.38,38.73
2025-04-06 22:48:52.509606,38.38,38.68
2025-04-06 22:48:55.105812,38.43,38.68
2025-04-06 22:48:56.832269,38.43,38.78
2025-04-06 22:48:58.500593,38.53,38.78
2025-04-06 22:49:03.708379,38.58,38.78
2025-04-06 22:49:08.626049,38.53,38.78
2025-04-06 22:49:11.190670,38.58,38.78
2025-04-06 22:49:18.326213,38.53,38.78
2025-04-06 22:49:25.702140,38.43,38.73
2025-04-06 22:50:06.203082,38.43,38.68
2025-04-06 22:50:14.914055,38.53,38.73
2025-04-06 22:50:17.572115,38.48,38.73
2025-04-06 22:50:23.127126,38.53,38.73
2025-04-06 22:50:25.131872,38.43,38.68
2025-04-06 22:50:26.139024,38.38,38.68
2025-04-06 22:50:45.652263,38.43,38.68
2025-04-06 22:50:53.212488,38.53,38.78
2025-04-06 22:50:54.257044,38.53,38.73
2025-04-06 22:51:00.153543,38.58,38.78
2025-04-06 22:51:01.263042,38.53,38.78
2025-04-06 22:51:03.761195,38.63,38.83
2025-04-06 22:51:04.815106,38.63,38.88
2025-04-06 22:51:06.801548,38.63,38.93
2025-04-06 22:51:07.696448,38.68,38.93
2025-04-06 22:51:12.702552,38.63,38.88
2025-04-06 22:51:14.239138,38.63,38.98
2025-04-06 22:51:15.112886,38.63,38.93
2025-04-06 22:51:31.990193,38.63,38.98
2025-04-06 22:51:32.777260,38.73,38.98
2025-04-06 22:51:51.226627,38.78,39.03
2025-04-06 22:51:52.150664,38.83,39.03
2025-04-06 22:51:53.011230,38.78,39.03
2025-04-06 22:51:55.920355,38.78,38.98
2025-04-06 22:51:56.395879,38.73,38.98
2025-04-06 22:51:57.514116,38.78,38.98
2025-04-06 22:51:58.442850,38.73,38.98
2025-04-06 22:52:08.139178,38.78,38.98
2025-04-06 22:52:13.939939,38.73,38.98
2025-04-06 22:52:37.448738,38.73,38.93
2025-04-06 22:52:38.333982,38.68,38.93
2025-04-06 22:52:52.211113,38.73,38.93
2025-04-06 22:52:57.907196,38.73,38.98
2025-04-06 22:53:08.738801,38.68,38.98
2025-04-06 22:53:41.408234,38.68,38.93
2025-04-06 22:53:43.241690,38.68,38.98
2025-04-06 22:54:10.917216,38.73,38.98
2025-04-06 22:54:14.904152,38.73,39.03
2025-04-06 22:54:16.057167,38.73,38.98
2025-04-06 22:54:18.845468,38.78,38.98
2025-04-06 22:54:19.870950,38.73,38.98
2025-04-06 22:54:25.072120,38.68,38.93
2025-04-06 22:54:27.927161,38.63,38.93
2025-04-06 22:54:31.259026,38.63,38.88
2025-04-06 23:13:29.894454,38.33,38.53
2025-04-06 23:13:33.343286,38.33,38.58
2025-04-06 23:13:41.030319,38.33,38.53
2025-04-06 23:13:58.047581,38.28,38.48
2025-04-06 23:14:09.085431,38.23,38.48
2025-04-06 23:14:10.760199,38.23,38.43
2025-04-06 23:14:21.460269,38.18,38.43
2025-04-06 23:14:23.221694,38.23,38.43
2025-04-06 23:14:28.385363,38.18,38.43
2025-04-06 23:14:30.425401,38.18,38.38
2025-04-06 23:14:30.745982,38.13,38.33
2025-04-06 23:14:31.593067,38.13,38.38
2025-04-06 23:14:32.725429,38.08,38.33
2025-04-06 23:14:38.694962,38.03,38.23
2025-04-06 23:14:43.698201,37.98,38.23
2025-04-06 23:14:46.402226,37.98,38.18
2025-04-06 23:14:47.532759,37.93,38.13
2025-04-06 23:14:49.797161,37.93,38.18
2025-04-06 23:27:18.798592,37.48,37.73
2025-04-06 23:27:18.888931,37.48,37.68
2025-04-06 23:27:25.423843,37.43,37.68
2025-04-06 23:27:26.648902,37.48,37.68
2025-04-06 23:27:33.859048,37.43,37.63
2025-04-06 23:27:34.736781,37.48,37.68
2025-04-06 23:27:35.777938,37.53,37.78
2025-04-06 23:27:46.734477,37.48,37.73
2025-04-06 23:27:48.098697,37.53,37.73
2025-04-06 23:27:49.606224,37.48,37.73
2025-04-06 23:27:51.368846,37.53,37.73
2025-04-06 23:27:55.083682,37.48,37.73
2025-04-06 23:27:56.336470,37.53,37.73
2025-04-06 23:28:02.393846,37.53,37.78
2025-04-06 23:28:02.827092,37.53,37.73
2025-04-06 23:28:09.612228,37.58,37.78
2025-04-06 23:28:12.821177,37.53,37.73
2025-04-06 23:28:15.107665,37.58,37.78
2025-04-06 23:28:25.359414,37.58,37.83
2025-04-06 23:28:26.414488,37.63,37.83
2025-04-06 23:28:30.281564,37.58,37.83
2025-04-06 23:28:30.973559,37.63,37.83
2025-04-06 23:28:33.466021,37.58,37.83
2025-04-06 23:28:38.510765,37.53,37.78
2025-04-06 23:28:42.077330,37.48,37.68
2025-04-06 23:28:42.762324,37.48,37.73
2025-04-06 23:28:52.944915,37.48,37.68
2025-04-06 23:29:01.002784,37.48,37.73
2025-04-06 23:29:03.010056,37.48,37.68
2025-04-06 23:29:03.921680,37.53,37.73
2025-04-06 23:29:05.971327,37.48,37.73
2025-04-06 23:29:06.612945,37.48,37.68
2025-04-06 23:29:10.564281,37.48,37.73
2025-04-06 23:29:12.208920,37.53,37.73
2025-04-06 23:29:23.671502,37.53,37.78
2025-04-06 23:29:26.734316,37.53,37.73
2025-04-06 23:29:29.539822,37.58,37.78
2025-04-06 23:29:43.327534,37.58,37.83
2025-04-06 23:29:45.641250,37.58,37.78
2025-04-06 23:29:50.273883,37.53,37.78
2025-04-06 23:29:52.442251,37.58,37.78
2025-04-06 23:29:55.326369,37.53,37.73
2025-04-06 23:30:08.331250,37.53,37.78
2025-04-06 23:30:12.762016,37.58,37.78
2025-04-06 23:30:17.153275,37.53,37.78
2025-04-06 23:30:21.652778,37.58,37.78
2025-04-06 23:30:23.794983,37.58,37.83
2025-04-06 23:30:25.065437,37.63,37.83
2025-04-06 23:30:30.216386,37.58,37.78
2025-04-06 23:30:33.804642,37.63,37.83
2025-04-06 23:30:39.754307,37.63,37.88
2025-04-06 23:30:40.512132,37.63,37.83
2025-04-06 23:30:52.356082,37.58,37.83
2025-04-06 23:30:52.913308,37.63,37.83
2025-04-06 23:30:53.716302,37.58,37.83
2025-04-06 23:30:54.064128,37.63,37.83
2025-04-06 23:31:01.898827,37.63,37.88
2025-04-06 23:31:02.879190,37.63,37.83
2025-04-06 23:31:03.275028,37.68,37.88
2025-04-06 23:31:08.205018,37.63,37.88
2025-04-06 23:31:10.541492,37.68,37.88
2025-04-06 23:31:12.323486,37.68,37.93
2025-04-06 23:31:16.023540,37.68,37.88
2025-04-06 23:31:16.318488,37.63,37.88
2025-04-06 23:31:17.471996,37.68,37.88
2025-04-06 23:31:19.120198,37.63,37.88
2025-04-06 23:31:24.414023,37.63,37.83
2025-04-06 23:31:27.432008,37.63,37.88
2025-04-06 23:33:38.304752,37.58,37.83
2025-04-06 23:33:43.333473,37.63,37.83
2025-04-06 23:33:49.008826,37.58,37.83
2025-04-06 23:33:49.703939,37.58,37.78
2025-04-06 23:33:50.202187,37.53,37.78
2025-04-06 23:33:55.537366,37.53,37.73
2025-04-06 23:34:01.593785,37.58,37.78
2025-04-06 23:34:06.842877,37.53,37.73
2025-04-06 23:34:08.204416,37.48,37.68
2025-04-06 23:34:08.667715,37.48,37.73
2025-04-06 23:34:13.169945,37.48,37.68
2025-04-06 23:34:14.831937,37.43,37.68
2025-04-06 23:34:15.769353,37.48,37.68
2025-04-06 23:34:16.633930,37.43,37.68
2025-04-06 23:34:18.629521,37.43,37.63
2025-04-06 23:34:20.935187,37.38,37.63
2025-04-06 23:34:21.554916,37.43,37.63
2025-04-06 23:34:22.101787,37.38,37.58
2025-04-06 23:34:25.261359,37.28,37.58
2025-04-06 23:34:25.453440,37.38,37.58
2025-04-06 23:34:26.669507,37.33,37.58
2025-04-06 23:34:28.554384,37.38,37.58
2025-04-06 23:34:28.998654,37.33,37.53
2025-04-06 23:34:31.086048,37.28,37.48
2025-04-06 23:34:32.250070,37.28,37.53
2025-04-06 23:34:32.850478,37.23,37.48
2025-04-06 23:34:34.600241,37.28,37.48
2025-04-06 23:34:36.613428,37.23,37.48
2025-04-06 23:34:36.756439,37.28,37.48
2025-04-06 23:34:37.868054,37.23,37.48
2025-04-06 23:34:38.695413,37.23,37.43
2025-04-06 23:34:42.457296,37.23,37.48
2025-04-06 23:34:42.782856,37.28,37.48
2025-04-06 23:34:44.771860,37.23,37.48
2025-04-06 23:34:46.171959,37.23,37.43
2025-04-06 23:34:53.211846,37.18,37.43
2025-04-06 23:34:55.115365,37.18,37.38
2025-04-06 23:34:56.575218,37.13,37.38
2025-04-06 23:35:00.439058,37.18,37.43
2025-04-06 23:35:01.676804,37.23,37.43
2025-04-06 23:35:04.240910,37.23,37.48
2025-04-06 23:35:05.399215,37.18,37.48
2025-04-06 23:35:06.910659,37.18,37.38
2025-04-06 23:35:08.133282,37.13,37.38
2025-04-06 23:35:10.464872,37.18,37.38
2025-04-06 23:35:16.742528,37.18,37.43
2025-04-06 23:35:18.439591,37.18,37.38
2025-04-06 23:35:18.992713,37.13,37.38
2025-04-06 23:35:20.252496,37.18,37.38
2025-04-06 23:35:24.406566,37.13,37.38
2025-04-06 23:35:25.108929,37.18,37.38
2025-04-06 23:35:25.615329,37.13,37.38
2025-04-06 23:35:29.721523,37.13,37.33
2025-04-06 23:35:34.311337,37.08,37.33
2025-04-06 23:35:36.604438,37.13,37.33
2025-04-06 23:35:37.788511,37.08,37.28
2025-04-06 23:35:41.174034,37.08,37.33
2025-04-06 23:35:41.650095,37.08,37.28
2025-04-06 23:35:42.649487,37.13,37.33
2025-04-06 23:35:43.774449,37.08,37.33
2025-04-06 23:35:48.666689,37.08,37.28
2025-04-06 23:35:56.921907,37.08,37.33
2025-04-06 23:35:57.456607,37.08,37.28
2025-04-06 23:36:04.483042,37.08,37.33
2025-04-06 23:36:05.484801,37.13,37.33
2025-04-06 23:36:09.040794,37.08,37.33
2025-04-06 23:36:10.006040,37.13,37.33
2025-04-06 23:36:11.055385,37.18,37.38
2025-04-06 23:36:13.425735,37.23,37.43
2025-04-06 23:36:13.915693,37.18,37.43
2025-04-06 23:36:16.201396,37.18,37.38
2025-04-06 23:36:17.717264,37.23,37.43
2025-04-06 23:36:18.464538,37.28,37.48
2025-04-06 23:36:20.498687,37.23,37.43
2025-04-06 23:36:24.339410,37.23,37.48
2025-04-06 23:36:28.933477,37.23,37.43
2025-04-06 23:36:29.546757,37.23,37.48
2025-04-06 23:36:30.847104,37.23,37.43
2025-04-06 23:36:31.892248,37.23,37.48
2025-04-06 23:36:36.239379,37.23,37.43
2025-04-06 23:36:42.540200,37.28,37.48
2025-04-06 23:36:48.536629,37.33,37.53
2025-04-06 23:36:50.771467,37.33,37.58
2025-04-06 23:36:52.291073,37.38,37.58
2025-04-06 23:37:22.715401,37.43,37.63
2025-04-06 23:37:24.254647,37.38,37.58
2025-04-06 23:37:29.721536,37.33,37.53
2025-04-06 23:37:31.342416,37.38,37.58
2025-04-06 23:37:32.524310,37.33,37.53
2025-04-06 23:37:33.129925,37.38,37.58
2025-04-06 23:37:34.135585,37.33,37.58
2025-04-06 23:37:36.333966,37.38,37.58
2025-04-06 23:37:43.293734,37.33,37.58
2025-04-06 23:37:51.090766,37.33,37.53
2025-04-06 23:38:02.099200,37.38,37.58
2025-04-06 23:38:02.698283,37.38,37.63
2025-04-06 23:38:03.829196,37.43,37.63
2025-04-06 23:38:05.992400,37.38,37.63
2025-04-06 23:38:09.020119,37.43,37.68
2025-04-06 23:38:12.097489,37.48,37.68
2025-04-06 23:38:15.891632,37.48,37.73
2025-04-06 23:38:17.478233,37.48,37.68
2025-04-06 23:38:23.571419,37.43,37.63
2025-04-06 23:38:30.129835,37.43,37.68
2025-04-06 23:38:30.935407,37.48,37.68
2025-04-06 23:38:39.946782,37.38,37.63
2025-04-06 23:38:43.636136,37.38,37.58
2025-04-06 23:38:51.211904,37.33,37.58
2025-04-06 23:38:52.019438,37.38,37.58
2025-04-06 23:38:55.951634,37.33,37.53
2025-04-06 23:38:56.550329,37.28,37.53
2025-04-06 23:38:56.755593,37.33,37.53
2025-04-06 23:38:57.813177,37.33,37.58
2025-04-06 23:38:59.664487,37.33,37.53
2025-04-06 23:39:00.877971,37.28,37.53
2025-04-06 23:39:05.646314,37.28,37.48
2025-04-06 23:39:06.601544,37.28,37.53
2025-04-06 23:39:08.239188,37.28,37.48
2025-04-06 23:39:09.696451,37.28,37.53
2025-04-06 23:39:17.701150,37.28,37.48
2025-04-06 23:39:19.035450,37.28,37.53
2025-04-06 23:39:21.734838,37.28,37.48
2025-04-06 23:39:23.065479,37.23,37.48
2025-04-06 23:39:23.993197,37.28,37.48
2025-04-06 23:39:24.522114,37.28,37.53
2025-04-06 23:39:27.161664,37.28,37.48
2025-04-06 23:39:28.388873,37.23,37.48
2025-04-06 23:39:30.878236,37.28,37.48
2025-04-06 23:39:32.811083,37.33,37.53
2025-04-06 23:39:40.802987,37.28,37.53
2025-04-06 23:40:01.273968,37.28,37.48
2025-04-06 23:40:01.763329,37.23,37.48
2025-04-06 23:40:02.622552,37.28,37.48
2025-04-06 23:40:04.738757,37.23,37.48
2025-04-06 23:40:08.791243,37.23,37.53
2025-04-06 23:40:10.933450,37.23,37.48
2025-04-06 23:40:24.005395,37.23,37.43
2025-04-06 23:40:29.218114,37.18,37.38
2025-04-06 23:40:29.452077,37.18,37.43
2025-04-06 23:40:32.844693,37.18,37.38
2025-04-06 23:40:33.606418,37.18,37.43
2025-04-06 23:40:34.608000,37.18,37.38
2025-04-06 23:40:39.254679,37.13,37.38
2025-04-06 23:40:43.064257,37.18,37.43
2025-04-06 23:40:46.849144,37.18,37.38
2025-04-06 23:41:02.593724,37.13,37.38
2025-04-06 23:41:07.275182,37.18,37.38
2025-04-06 23:41:26.126600,37.13,37.38
2025-04-06 23:41:27.641675,37.18,37.38
2025-04-06 23:41:29.599594,37.18,37.43
2025-04-06 23:41:30.772655,37.23,37.43
2025-04-06 23:41:32.330760,37.18,37.38
2025-04-06 23:41:45.321081,37.13,37.38
2025-04-06 23:41:46.294378,37.18,37.38
2025-04-06 23:41:47.507444,37.13,37.38
2025-04-06 23:41:49.832582,37.13,37.33
2025-04-06 23:41:50.118133,37.08,37.33
2025-04-06 23:41:55.933574,37.08,37.28
2025-04-06 23:42:01.920234,37.03,37.28
2025-04-06 23:42:04.043193,37.03,37.23
2025-04-06 23:42:05.358991,37.03,37.28
2025-04-06 23:42:08.238232,36.98,37.23
2025-04-06 23:42:09.809134,36.98,37.18
2025-04-06 23:42:12.273736,36.98,37.23
2025-04-06 23:42:14.136331,36.98,37.18
2025-04-06 23:42:15.067284,36.93,37.18
2025-04-06 23:42:16.444159,36.98,37.18
2025-04-06 23:42:24.263850,36.93,37.18
2025-04-06 23:42:25.053870,36.98,37.18
2025-04-06 23:42:28.401597,36.93,37.18
2025-04-06 23:42:32.126927,36.93,37.13
2025-04-06 23:42:51.356832,36.98,37.18
2025-04-06 23:42:56.272937,36.98,37.23
2025-04-06 23:42:57.134491,36.98,37.18
2025-04-06 23:42:58.509314,36.93,37.18
2025-04-06 23:43:00.435427,36.93,37.13
2025-04-06 23:43:02.233836,36.88,37.08
2025-04-06 23:43:04.808715,36.78,37.08
2025-04-06 23:43:05.316940,36.88,37.08
2025-04-06 23:43:13.332352,36.83,37.03
2025-04-06 23:43:13.847278,36.83,37.08
2025-04-06 23:43:14.487884,36.83,37.03
2025-04-06 23:43:20.256351,36.88,37.08
2025-04-06 23:43:38.253536,36.83,37.08
2025-04-06 23:43:41.166204,36.78,37.03
2025-04-06 23:43:47.122460,36.78,36.98
2025-04-06 23:43:49.294297,36.73,36.98
2025-04-06 23:43:51.226575,36.78,37.03
2025-04-06 23:43:53.607962,36.83,37.03
2025-04-06 23:43:54.112954,36.78,36.98
2025-04-06 23:43:55.660068,36.78,37.03
2025-04-06 23:43:57.481475,36.83,37.08
2025-04-06 23:43:58.904680,36.88,37.08
2025-04-06 23:44:00.309719,36.83,37.03
2025-04-06 23:44:02.429286,36.83,37.08
2025-04-06 23:44:03.755910,36.93,37.13
2025-04-06 23:44:14.961323,36.88,37.08
2025-04-06 23:44:16.308347,36.83,37.08
2025-04-06 23:44:26.515095,36.78,36.98
2025-04-06 23:44:28.809811,36.83,37.03
2025-04-06 23:44:33.096686,36.88,37.08
2025-04-06 23:44:40.011751,36.88,37.13
2025-04-06 23:44:41.504406,36.93,37.13
2025-04-06 23:44:45.177698,36.88,37.08
2025-04-06 23:44:52.749517,36.88,37.13
2025-04-06 23:44:55.716676,36.88,37.08
2025-04-06 23:44:57.664826,36.93,37.13
2025-04-06 23:45:09.300610,36.98,37.18
2025-04-06 23:45:09.797132,36.93,37.18
2025-04-06 23:45:10.637930,36.93,37.13
2025-04-06 23:45:12.142817,36.98,37.18
2025-04-06 23:45:14.967125,36.93,37.18
2025-04-06 23:45:15.463890,36.98,37.18
2025-04-06 23:45:18.975084,36.93,37.13
2025-04-06 23:45:24.944494,36.93,37.18
2025-04-06 23:45:48.409705,36.98,37.18
2025-04-06 23:45:56.363768,36.93,37.18
2025-04-06 23:45:58.112377,36.98,37.18
2025-04-06 23:46:04.870164,36.93,37.18
2025-04-06 23:46:12.683582,36.93,37.13
2025-04-06 23:46:13.451072,36.88,37.13
2025-04-06 23:46:16.782464,36.93,37.13
2025-04-06 23:46:30.027306,36.88,37.13
2025-04-06 23:46:32.412342,36.83,37.03
2025-04-06 23:46:34.356839,36.83,37.08
2025-04-06 23:46:35.128058,36.83,37.03
2025-04-06 23:46:37.042306,36.83,37.08
2025-04-06 23:46:37.543317,36.88,37.08
2025-04-06 23:46:57.782043,36.83,37.08
2025-04-06 23:46:59.253242,36.88,37.08
2025-04-06 23:47:02.384371,36.93,37.13
2025-04-06 23:47:05.047565,36.88,37.13
2025-04-06 23:47:06.834722,36.93,37.13
2025-04-06 23:47:07.626476,36.88,37.13
2025-04-06 23:47:10.691003,36.88,37.08
2025-04-06 23:47:12.410101,36.83,37.08
2025-04-06 23:47:14.887712,36.88,37.08
2025-04-06 23:47:17.370636,36.83,37.08
2025-04-06 23:47:19.800665,36.83,37.03
2025-04-06 23:47:20.985665,36.83,37.08
2025-04-06 23:47:21.670504,36.83,37.03
2025-04-06 23:47:24.648680,36.83,37.08
2025-04-06 23:47:25.651899,36.83,37.03
2025-04-06 23:47:29.582194,36.83,37.08
2025-04-06 23:47:35.526582,36.83,37.03
2025-04-06 23:47:38.453884,36.83,37.08
2025-04-06 23:47:46.460724,36.83,37.03
2025-04-06 23:47:50.440745,36.78,36.98
2025-04-06 23:47:50.942069,36.73,36.98
2025-04-06 23:47:53.492877,36.73,36.93
2025-04-06 23:48:07.017425,36.73,36.98
2025-04-06 23:48:07.735507,36.68,36.93
2025-04-06 23:48:08.577101,36.78,36.98
2025-04-06 23:48:12.674247,36.73,36.98
2025-04-06 23:48:13.568719,36.73,36.93
2025-04-06 23:48:15.405096,36.73,36.98
2025-04-06 23:48:19.025913,36.78,36.98
2025-04-06 23:48:22.297714,36.73,36.93
2025-04-06 23:48:27.675392,36.68,36.93
2025-04-06 23:48:29.641326,36.63,36.88
2025-04-06 23:48:30.378135,36.68,36.88
2025-04-06 23:48:32.288607,36.63,36.88
2025-04-06 23:48:34.514632,36.68,36.88
2025-04-06 23:48:35.162536,36.63,36.88
2025-04-06 23:48:38.838097,36.63,36.83
2025-04-06 23:48:40.868648,36.58,36.83
2025-04-06 23:48:45.299190,36.63,36.83
2025-04-06 23:48:45.905405,36.58,36.83
2025-04-06 23:48:50.551355,36.63,36.83
2025-04-06 23:48:51.463516,36.58,36.78
2025-04-06 23:49:00.910438,36.63,36.83
2025-04-06 23:49:02.991971,36.63,36.88
2025-04-06 23:49:07.764320,36.63,36.83
2025-04-06 23:49:20.024994,36.58,36.83
2025-04-06 23:49:22.180287,36.63,36.83
2025-04-06 23:49:23.597491,36.58,36.83
2025-04-06 23:49:29.200972,36.58,36.78
2025-04-06 23:49:38.047546,36.53,36.78
2025-04-06 23:49:39.089701,36.58,36.78
2025-04-06 23:50:00.316886,36.58,36.83
2025-04-06 23:50:01.020689,36.63,36.83
2025-04-06 23:50:09.963349,36.63,36.88
2025-04-06 23:50:11.406622,36.68,36.88
2025-04-06 23:50:17.969330,36.73,36.98
2025-04-06 23:50:21.441400,36.78,36.98
2025-04-06 23:50:24.549639,36.78,37.03
2025-04-06 23:50:25.767478,36.83,37.03
2025-04-06 23:50:27.894341,36.83,37.08
2025-04-06 23:50:29.041138,36.83,37.03
2025-04-06 23:50:30.007702,36.78,36.98
2025-04-06 23:50:33.805929,36.73,36.98
2025-04-06 23:50:35.578736,36.73,36.93
2025-04-06 23:50:51.671610,36.73,36.98
2025-04-06 23:50:54.611983,36.73,36.93
2025-04-06 23:50:56.490764,36.78,36.98
2025-04-06 23:50:57.966913,36.78,37.03
2025-04-06 23:50:58.563063,36.78,36.98
2025-04-06 23:51:05.972649,36.78,37.03
2025-04-06 23:51:11.203381,36.83,37.03
2025-04-06 23:51:12.945816,36.78,36.98
2025-04-06 23:51:16.898175,36.83,37.03
2025-04-06 23:51:24.923283,36.83,37.08
2025-04-06 23:51:30.880058,36.88,37.08
2025-04-06 23:51:37.314310,36.88,37.13
2025-04-06 23:51:38.371093,36.88,37.08
2025-04-06 23:51:40.147669,36.88,37.13
2025-04-06 23:51:43.018040,36.88,37.08
2025-04-06 23:51:48.882632,36.88,37.13
2025-04-06 23:51:51.945449,36.88,37.08
2025-04-06 23:52:01.479599,36.93,37.13
2025-04-06 23:52:02.651517,36.88,37.08
2025-04-06 23:52:04.277009,36.88,37.13
2025-04-06 23:52:11.534849,36.88,37.08
2025-04-06 23:52:13.366824,36.88,37.13
2025-04-06 23:52:13.736058,36.88,37.08
2025-04-06 23:52:16.854518,36.83,37.08
2025-04-06 23:52:18.320460,36.83,37.03
2025-04-06 23:52:25.453699,36.88,37.08
2025-04-06 23:52:26.453603,36.83,37.08
2025-04-06 23:52:31.838840,36.83,37.03
2025-04-06 23:52:34.419788,36.78,37.03
2025-04-06 23:52:36.486735,36.78,36.98
2025-04-06 23:52:42.084948,36.73,36.93
2025-04-06 23:52:49.012692,36.68,36.93
2025-04-06 23:52:49.757744,36.73,36.98
2025-04-06 23:52:53.198043,36.73,36.93
2025-04-06 23:53:39.689647,36.68,36.93
2025-04-06 23:53:44.431483,36.68,36.88
2025-04-06 23:53:46.694508,36.68,36.93
2025-04-06 23:53:47.371564,36.68,36.88
2025-04-06 23:53:50.082424,36.73,36.93
2025-04-06 23:53:52.619454,36.68,36.93
2025-04-06 23:54:02.424595,36.68,36.88
2025-04-06 23:54:03.141946,36.63,36.88
2025-04-06 23:54:06.169600,36.68,36.88
2025-04-06 23:54:07.752281,36.63,36.88
2025-04-06 23:54:10.212726,36.63,36.83
2025-04-06 23:54:14.772698,36.68,36.88
2025-04-06 23:54:21.570368,36.63,36.83
2025-04-06 23:54:34.337258,36.58,36.78
2025-04-06 23:54:39.799822,36.53,36.73
2025-04-06 23:54:40.306412,36.53,36.78
2025-04-06 23:54:41.385445,36.58,36.78
2025-04-06 23:54:48.472358,36.53,36.78
2025-04-06 23:54:49.569796,36.58,36.78
2025-04-06 23:54:52.085741,36.58,36.83
2025-04-06 23:54:52.583299,36.58,36.78
2025-04-06 23:54:54.757717,36.63,36.83
2025-04-06 23:55:10.780660,36.68,36.88
2025-04-06 23:55:15.268770,36.73,36.93
2025-04-06 23:55:18.764716,36.73,36.98
2025-04-06 23:55:19.158216,36.73,36.93
2025-04-06 23:55:21.018149,36.78,36.98
2025-04-06 23:55:28.205993,36.78,37.03
2025-04-06 23:55:29.531929,36.78,36.98
2025-04-06 23:55:37.762860,36.78,37.03
2025-04-06 23:55:38.081822,36.83,37.03
2025-04-06 23:55:49.785520,36.83,37.08
2025-04-06 23:55:50.289402,36.88,37.08
2025-04-06 23:55:57.324241,36.93,37.13
2025-04-06 23:56:00.948084,36.88,37.08
2025-04-06 23:56:08.738572,36.88,37.13
2025-04-06 23:56:09.797986,36.93,37.13
2025-04-06 23:56:11.705109,36.88,37.13
2025-04-06 23:56:13.593634,36.88,37.08
2025-04-06 23:56:21.722318,36.93,37.13
2025-04-06 23:56:25.507218,36.98,37.18
2025-04-06 23:56:28.723499,37.03,37.23
2025-04-06 23:56:29.813542,36.98,37.18
2025-04-06 23:56:30.563631,37.03,37.23
2025-04-06 23:56:31.067598,36.98,37.23
2025-04-06 23:56:31.883294,37.08,37.28
2025-04-06 23:56:32.629952,36.98,37.28
2025-04-06 23:56:33.238036,37.03,37.28
2025-04-06 23:56:35.554026,37.08,37.28
2025-04-06 23:56:43.176712,37.03,37.28
2025-04-06 23:56:47.825652,37.08,37.28
2025-04-06 23:56:51.728757,37.13,37.33
2025-04-06 23:56:54.639565,37.08,37.28
2025-04-06 23:56:55.145335,37.13,37.33
2025-04-06 23:56:55.526173,37.13,37.38
2025-04-06 23:56:56.348456,37.13,37.33
2025-04-06 23:57:01.404741,37.08,37.28
2025-04-06 23:57:04.356441,37.13,37.33
2025-04-06 23:57:11.204326,37.18,37.38
2025-04-06 23:57:16.884430,37.18,37.43
2025-04-06 23:57:20.196749,37.23,37.43
2025-04-06 23:57:23.118852,37.18,37.38
2025-04-06 23:57:31.019656,37.13,37.38
2025-04-06 23:57:31.838734,37.13,37.33
2025-04-06 23:57:37.162612,37.08,37.28
2025-04-06 23:57:38.605326,37.08,37.33
2025-04-06 23:57:39.706818,37.08,37.28
2025-04-06 23:57:40.687439,37.03,37.23
2025-04-06 23:57:42.109382,37.08,37.28
2025-04-06 23:57:53.732087,37.03,37.23
2025-04-06 23:57:55.207485,36.93,37.23
2025-04-06 23:57:57.040677,36.98,37.18
2025-04-06 23:58:18.441499,36.93,37.13
2025-04-06 23:58:21.567118,36.98,37.18
2025-04-06 23:58:22.444802,36.93,37.18
2025-04-06 23:58:23.402348,36.93,37.13
2025-04-06 23:58:32.950655,36.93,37.18
2025-04-06 23:58:33.998582,36.88,37.13
2025-04-06 23:58:34.600708,36.93,37.13
2025-04-06 23:58:37.605157,36.88,37.13
2025-04-06 23:58:38.550479,36.93,37.13
2025-04-06 23:58:40.278616,36.88,37.13
2025-04-06 23:58:41.903068,36.88,37.08
2025-04-06 23:58:43.427618,36.88,37.13
2025-04-06 23:58:46.770610,36.93,37.13
2025-04-06 23:58:48.454991,36.88,37.08
2025-04-06 23:58:54.196138,36.93,37.13
2025-04-06 23:58:55.309227,36.88,37.13
2025-04-06 23:58:57.907724,36.93,37.13
2025-04-06 23:59:00.129069,36.88,37.08
2025-04-06 23:59:01.888706,36.93,37.13
2025-04-06 23:59:06.654850,36.88,37.08
2025-04-06 23:59:07.957277,36.88,37.13
2025-04-06 23:59:09.253568,36.88,37.08
2025-04-06 23:59:17.907639,36.93,37.13
2025-04-06 23:59:20.448073,36.88,37.08
2025-04-07 00:00:50.683686,36.58,36.78
2025-04-07 00:01:01.427391,36.58,36.78
2025-04-07 00:01:11.668295,36.53,36.78
2025-04-07 00:01:17.060917,36.53,36.73
2025-04-07 00:01:19.046275,36.48,36.68
2025-04-07 00:01:19.462301,36.53,36.73
2025-04-07 00:01:20.914748,36.48,36.73
2025-04-07 00:01:25.726403,36.48,36.68
2025-04-07 00:01:26.355497,36.48,36.73
2025-04-07 00:01:29.435969,36.53,36.73
2025-04-07 00:01:30.640490,36.48,36.73
2025-04-07 00:01:32.489219,36.48,36.68
2025-04-07 00:01:38.561623,36.48,36.73
2025-04-07 00:01:43.590206,36.48,36.68
2025-04-07 00:02:06.775906,36.53,36.73
2025-04-07 00:02:19.229161,36.58,36.78
2025-04-07 00:02:20.522461,36.53,36.73
2025-04-07 00:02:23.292300,36.53,36.78
2025-04-07 00:02:24.221809,36.58,36.78
2025-04-07 00:02:24.826961,36.53,36.78
2025-04-07 00:02:25.432875,36.58,36.78
2025-04-07 00:02:26.091696,36.53,36.78
2025-04-07 00:02:26.633363,36.58,36.78
2025-04-07 00:02:36.170542,36.53,36.78
2025-04-07 00:02:38.254292,36.53,36.73
2025-04-07 00:02:47.444261,36.48,36.68
2025-04-07 00:02:50.827123,36.48,36.73
2025-04-07 00:02:51.728621,36.53,36.78
2025-04-07 00:02:52.331612,36.58,36.78
2025-04-07 00:02:52.908912,36.53,36.78
2025-04-07 00:02:53.244107,36.58,36.78
2025-04-07 00:03:01.530795,36.63,36.83
2025-04-07 00:03:08.250324,36.58,36.83
2025-04-07 00:03:12.046928,36.58,36.78
2025-04-07 00:03:17.177026,36.58,36.83
2025-04-07 00:03:17.997019,36.63,36.83
2025-04-07 00:03:19.226587,36.58,36.78
2025-04-07 00:03:19.954232,36.63,36.83
2025-04-07 00:03:22.079934,36.58,36.78
2025-04-07 00:03:41.383133,36.63,36.83
2025-04-07 00:03:49.910568,36.68,36.88
2025-04-07 00:03:51.278504,36.63,36.88
2025-04-07 00:03:52.698085,36.68,36.88
2025-04-07 00:03:55.314187,36.73,36.93
2025-04-07 00:03:59.185719,36.73,36.98
2025-04-07 00:04:00.195945,36.73,36.93
2025-04-07 00:04:01.249272,36.73,36.98
2025-04-07 00:04:02.428257,36.78,36.98
2025-04-07 00:04:06.410783,36.83,37.03
2025-04-07 00:04:10.129424,36.88,37.08
2025-04-07 00:04:15.123088,36.83,37.08
2025-04-07 00:04:15.935656,36.88,37.08
2025-04-07 00:04:17.139918,36.88,37.13
2025-04-07 00:04:18.210951,36.93,37.13
2025-04-07 00:04:20.220550,36.98,37.18
2025-04-07 00:04:31.368006,37.03,37.28
2025-04-07 00:04:32.602121,37.03,37.23
2025-04-07 00:04:33.289563,37.03,37.28
2025-04-07 00:04:33.737793,37.08,37.28
2025-04-07 00:04:34.427049,37.08,37.33
2025-04-07 00:04:34.725758,37.08,37.28
2025-04-07 00:04:41.189885,37.08,37.33
2025-04-07 00:04:42.432491,37.08,37.28
2025-04-07 00:04:44.834542,37.13,37.33
2025-04-07 00:04:47.526790,37.13,37.38
2025-04-07 00:04:47.952820,37.13,37.33
2025-04-07 00:04:49.027437,37.23,37.43
2025-04-07 00:04:51.938491,37.23,37.48
2025-04-07 00:04:52.576794,37.28,37.48
2025-04-07 00:04:53.460195,37.23,37.48
2025-04-07 00:04:54.547961,37.28,37.48
2025-04-07 00:04:55.010883,37.23,37.48
2025-04-07 00:04:55.612491,37.28,37.48
2025-04-07 00:04:56.413705,37.28,37.53
2025-04-07 00:04:56.907853,37.28,37.48
2025-04-07 00:04:57.646523,37.28,37.53
2025-04-07 00:04:58.633939,37.38,37.58
2025-04-07 00:05:00.872700,37.33,37.53
2025-04-07 00:05:01.517878,37.28,37.53
2025-04-07 00:05:01.943665,37.33,37.53
2025-04-07 00:05:02.455318,37.28,37.48
2025-04-07 00:05:02.993296,37.33,37.53
2025-04-07 00:05:04.664469,37.33,37.58
2025-04-07 00:05:05.625102,37.33,37.53
2025-04-07 00:05:08.647716,37.28,37.48
2025-04-07 00:05:09.145503,37.33,37.53
2025-04-07 00:05:09.829518,37.28,37.53
2025-04-07 00:05:10.410383,37.33,37.53
2025-04-07 00:05:11.722709,37.28,37.53
2025-04-07 00:05:12.904353,37.33,37.53
2025-04-07 00:05:14.575001,37.38,37.58
2025-04-07 00:05:20.014755,37.33,37.58
2025-04-07 00:05:20.271618,37.33,37.53
2025-04-07 00:05:21.223202,37.28,37.53
2025-04-07 00:05:21.737196,37.28,37.48
2025-04-07 00:05:25.159221,37.28,37.53
2025-04-07 00:05:27.384792,37.33,37.53
2025-04-07 00:05:29.591880,37.28,37.48
2025-04-07 00:05:33.597876,37.23,37.43
2025-04-07 00:05:40.478294,37.18,37.38
2025-04-07 00:05:41.443017,37.18,37.43
2025-04-07 00:05:41.720850,37.18,37.38
2025-04-07 00:05:43.204494,37.13,37.38
2025-04-07 00:05:43.947076,37.18,37.38
2025-04-07 00:05:44.674229,37.13,37.33
2025-04-07 00:05:45.795450,37.13,37.38
2025-04-07 00:05:46.639371,37.18,37.38
2025-04-07 00:05:50.202817,37.13,37.38
2025-04-07 00:05:52.865563,37.18,37.38
2025-04-07 00:05:53.635394,37.13,37.38
2025-04-07 00:05:55.339135,37.18,37.38
2025-04-07 00:05:56.009961,37.13,37.33
2025-04-07 00:06:04.819119,37.08,37.33
2025-04-07 00:06:05.884136,37.13,37.33
2025-04-07 00:06:06.582181,37.08,37.33
2025-04-07 00:06:09.629989,37.08,37.28
2025-04-07 00:06:12.470729,37.03,37.23
2025-04-07 00:06:13.953076,36.98,37.23
2025-04-07 00:06:14.501393,37.03,37.23
2025-04-07 00:06:15.142974,36.98,37.23
2025-04-07 00:06:16.144069,37.03,37.23
2025-04-07 00:06:17.033400,36.98,37.18
2025-04-07 00:06:19.075357,37.03,37.23
2025-04-07 00:06:31.811104,36.98,37.18
2025-04-07 00:06:32.440087,36.98,37.23
2025-04-07 00:06:33.059681,37.03,37.23
2025-04-07 00:06:35.495628,37.03,37.28
2025-04-07 00:06:37.468111,37.03,37.23
2025-04-07 00:06:39.543379,37.03,37.28
2025-04-07 00:06:41.407235,37.03,37.23
2025-04-07 00:06:49.190529,36.98,37.23
2025-04-07 00:06:50.051987,37.08,37.28
2025-04-07 00:07:00.683458,37.13,37.33
2025-04-07 00:07:01.531872,37.18,37.38
2025-04-07 00:07:03.907538,37.18,37.43
2025-04-07 00:07:04.550492,37.18,37.38
2025-04-07 00:07:05.509307,37.18,37.43
2025-04-07 00:07:07.607015,37.18,37.38
2025-04-07 00:07:09.644801,37.23,37.43
2025-04-07 00:07:14.129804,37.23,37.48
2025-04-07 00:07:15.731648,37.28,37.48
2025-04-07 00:07:23.290797,37.33,37.53
2025-04-07 00:07:26.679998,37.28,37.53
2025-04-07 00:07:27.140029,37.28,37.48
2025-04-07 00:07:30.208177,37.33,37.53
2025-04-07 00:07:31.535148,37.28,37.48
2025-04-07 00:07:35.036701,37.33,37.53
2025-04-07 00:07:40.549504,37.38,37.58
2025-04-07 00:07:42.014203,37.28,37.53
2025-04-07 00:07:42.770635,37.33,37.53
2025-04-07 00:07:46.506013,37.28,37.48
2025-04-07 00:07:50.626744,37.23,37.43
2025-04-07 00:07:51.114774,37.28,37.48
2025-04-07 00:07:52.411437,37.23,37.48
2025-04-07 00:07:52.827327,37.23,37.43
2025-04-07 00:07:56.711630,37.23,37.48
2025-04-07 00:07:57.679593,37.23,37.43
2025-04-07 00:07:58.594110,37.18,37.43
2025-04-07 00:07:59.344332,37.18,37.38
2025-04-07 00:08:00.735003,37.18,37.43
2025-04-07 00:08:06.559534,37.23,37.43
2025-04-07 00:08:17.664480,37.23,37.48
2025-04-07 00:08:20.543546,37.23,37.43
2025-04-07 00:08:21.046020,37.18,37.43
2025-04-07 00:08:22.753519,37.23,37.43
2025-04-07 00:08:39.737112,37.23,37.48
2025-04-07 00:08:39.948978,37.28,37.48
2025-04-07 00:08:46.266365,37.33,37.53
2025-04-07 00:08:54.409271,37.28,37.48
2025-04-07 00:08:58.748739,37.28,37.53
2025-04-07 00:08:59.354973,37.33,37.53
2025-04-07 00:09:07.815389,37.38,37.58
2025-04-07 00:09:11.302415,37.38,37.73
2025-04-07 00:09:12.337777,37.43,37.68
2025-04-07 00:09:13.647539,37.43,37.63
2025-04-07 00:09:14.124954,37.48,37.68
2025-04-07 00:09:18.682472,37.43,37.63
2025-04-07 00:09:22.675451,37.48,37.68
2025-04-07 00:09:30.732413,37.48,37.73
2025-04-07 00:09:32.453224,37.53,37.73
2025-04-07 00:09:44.977342,37.48,37.68
2025-04-07 00:10:02.243146,37.48,37.73
2025-04-07 00:10:03.742917,37.48,37.68
2025-04-07 00:10:04.679618,37.48,37.73
2025-04-07 00:10:06.358998,37.53,37.73
2025-04-07 00:10:09.187816,37.48,37.68
2025-04-07 00:10:09.793898,37.48,37.73
2025-04-07 00:10:11.373500,37.53,37.73
2025-04-07 00:10:14.363521,37.48,37.68
2025-04-07 00:10:16.063623,37.53,37.73
2025-04-07 00:10:28.836168,37.58,37.78
2025-04-07 00:10:31.535014,37.53,37.73
2025-04-07 00:10:37.539295,37.53,37.78
2025-04-07 00:10:40.356338,37.58,37.78
2025-04-07 00:10:46.365718,37.53,37.73
2025-04-07 00:10:46.908506,37.58,37.78
2025-04-07 00:10:48.970454,37.53,37.78
2025-04-07 00:10:49.781242,37.53,37.73
2025-04-07 00:10:53.314716,37.53,37.78
2025-04-07 00:10:54.384065,37.58,37.78
2025-04-07 00:10:57.454391,37.48,37.73
2025-04-07 00:10:58.181696,37.48,37.68
2025-04-07 00:10:59.228862,37.43,37.68
2025-04-07 00:11:00.262055,37.43,37.63
2025-04-07 00:11:03.432593,37.38,37.63
2025-04-07 00:11:04.577386,37.38,37.58
2025-04-07 00:11:05.869420,37.33,37.58
2025-04-07 00:11:07.313123,37.33,37.53
2025-04-07 00:11:10.242474,37.28,37.53
2025-04-07 00:11:11.528066,37.28,37.48
2025-04-07 00:11:18.237299,37.23,37.48
2025-04-07 00:11:18.689964,37.28,37.48
2025-04-07 00:11:21.307707,37.28,37.53
2025-04-07 00:11:22.032811,37.33,37.53
2025-04-07 00:11:22.815564,37.38,37.58
2025-04-07 00:11:23.451882,37.43,37.63
2025-04-07 00:11:25.825413,37.43,37.68
2025-04-07 00:11:26.862512,37.43,37.63
2025-04-07 00:11:27.063879,37.43,37.68
2025-04-07 00:11:27.749420,37.48,37.68
2025-04-07 00:11:31.947648,37.43,37.63
2025-04-07 00:11:35.885408,37.43,37.68
2025-04-07 00:11:36.380815,37.43,37.63
2025-04-07 00:11:48.802068,37.48,37.68
2025-04-07 00:11:56.944912,37.43,37.63
2025-04-07 00:11:57.981961,37.43,37.68
2025-04-07 00:11:59.414467,37.48,37.68
2025-04-07 00:12:01.576246,37.43,37.63
2025-04-07 00:12:07.040501,37.48,37.68
2025-04-07 00:12:09.101801,37.43,37.68
2025-04-07 00:12:13.029639,37.48,37.68
2025-04-07 00:12:23.590957,37.43,37.68
2025-04-07 00:12:24.210504,37.48,37.68
2025-04-07 00:12:27.882752,37.53,37.73
2025-04-07 00:12:28.572740,37.48,37.68
2025-04-07 00:12:31.610061,37.53,37.73
2025-04-07 00:12:33.750826,37.53,37.78
2025-04-07 00:12:34.494075,37.58,37.78
2025-04-07 00:12:44.702459,37.53,37.78
2025-04-07 00:12:45.848852,37.58,37.78
2025-04-07 00:13:04.561546,37.58,37.83
2025-04-07 00:13:05.127052,37.58,37.78
2025-04-07 00:13:13.997720,37.63,37.83
2025-04-07 00:13:14.259043,37.58,37.83
2025-04-07 00:13:16.013077,37.58,37.78
2025-04-07 00:13:17.226353,37.63,37.83
2025-04-07 00:13:22.448506,37.58,37.83
2025-04-07 00:13:23.576796,37.63,37.83
2025-04-07 00:13:24.552823,37.58,37.83
2025-04-07 00:13:25.362868,37.63,37.83
2025-04-07 00:13:43.395495,37.58,37.78
2025-04-07 00:13:46.100526,37.58,37.83
2025-04-07 00:13:47.576262,37.58,37.78
2025-04-07 00:13:52.574940,37.58,37.83
2025-04-07 00:13:54.480176,37.63,37.83
2025-04-07 00:14:01.562786,37.68,37.88
2025-04-07 00:14:02.063395,37.63,37.83
2025-04-07 00:14:05.653347,37.68,37.88
2025-04-07 00:14:08.023342,37.63,37.88
2025-04-07 00:14:09.028007,37.68,37.88
2025-04-07 00:14:10.541374,37.63,37.88
2025-04-07 00:14:11.031539,37.68,37.88
2025-04-07 00:14:12.564734,37.63,37.88
2025-04-07 00:14:13.073146,37.63,37.83
2025-04-07 00:14:15.106567,37.68,37.88
2025-04-07 00:14:18.586480,37.63,37.83
2025-04-07 00:14:35.714874,37.58,37.83
2025-04-07 00:14:36.554087,37.63,37.83
2025-04-07 00:14:37.911236,37.58,37.83
2025-04-07 00:14:38.660882,37.58,37.78
2025-04-07 00:14:39.309142,37.58,37.83
2025-04-07 00:14:40.641100,37.63,37.83
2025-04-07 00:14:47.213569,37.58,37.83
2025-04-07 00:14:48.360026,37.63,37.83
2025-04-07 00:14:50.277604,37.58,37.83
2025-04-07 00:14:51.030688,37.63,37.83
2025-04-07 00:14:52.688103,37.58,37.83
2025-04-07 00:14:59.293297,37.58,37.78
2025-04-07 00:15:01.348047,37.53,37.73
2025-04-07 00:15:02.089514,37.53,37.78
2025-04-07 00:15:03.114453,37.53,37.73
2025-04-07 00:15:04.390770,37.53,37.78
2025-04-07 00:15:06.300666,37.53,37.73
2025-04-07 00:15:09.865235,37.53,37.78
2025-04-07 00:15:10.946680,37.53,37.73
2025-04-07 00:15:21.818921,37.48,37.68
2025-04-07 00:15:39.240932,37.53,37.73
2025-04-07 00:15:41.148904,37.48,37.68
2025-04-07 00:15:45.253248,37.43,37.63
2025-04-07 00:15:54.778707,37.48,37.68
2025-04-07 00:15:56.059870,37.43,37.68
2025-04-07 00:15:56.952874,37.48,37.68
2025-04-07 00:16:03.420738,37.43,37.63
2025-04-07 00:16:06.817240,37.48,37.68
2025-04-07 00:16:11.758459,37.43,37.68
2025-04-07 00:16:12.253615,37.48,37.68
2025-04-07 00:16:14.586429,37.43,37.68
2025-04-07 00:16:16.591968,37.48,37.68
2025-04-07 00:16:23.498082,37.43,37.63
2025-04-07 00:16:51.702100,37.38,37.58
2025-04-07 00:16:54.839919,37.38,37.63
2025-04-07 00:16:55.896062,37.43,37.63
2025-04-07 00:17:05.269799,37.38,37.63
2025-04-07 00:17:06.871287,37.38,37.58
2025-04-07 00:17:18.338215,37.33,37.58
2025-04-07 00:17:19.455895,37.38,37.58
2025-04-07 00:17:24.148728,37.38,37.63
2025-04-07 00:17:26.410663,37.38,37.58
2025-04-07 00:17:53.176382,37.33,37.58
2025-04-07 00:17:55.392514,37.38,37.58
2025-04-07 00:18:03.952484,37.33,37.58
2025-04-07 00:18:08.692046,37.33,37.53
2025-04-07 00:18:14.361105,37.28,37.48
2025-04-07 00:18:14.406062,37.28,37.53
2025-04-07 00:18:17.107756,37.33,37.53
2025-04-07 00:18:18.942575,37.28,37.53
2025-04-07 00:18:19.878440,37.28,37.48
2025-04-07 00:18:20.659480,37.28,37.53
2025-04-07 00:18:27.853892,37.33,37.53
2025-04-07 00:18:36.840251,37.28,37.53
2025-04-07 00:18:38.551889,37.33,37.53
2025-04-07 00:18:40.736611,37.28,37.53
2025-04-07 00:18:43.374855,37.33,37.53
2025-04-07 00:18:43.904434,37.28,37.48
2025-04-07 00:18:45.591462,37.33,37.53
2025-04-07 00:19:02.990494,37.28,37.53
2025-04-07 00:19:05.738866,37.33,37.53
2025-04-07 00:19:06.337162,37.28,37.53
2025-04-07 00:19:07.224970,37.28,37.48
2025-04-07 00:19:22.065044,37.28,37.53
2025-04-07 00:19:26.801533,37.33,37.53
2025-04-07 00:19:42.621230,37.38,37.58
2025-04-07 00:19:46.139003,37.33,37.53
2025-04-07 00:19:50.802906,37.28,37.53
2025-04-07 00:19:52.805941,37.33,37.53
2025-04-07 00:19:55.012799,37.28,37.53
2025-04-07 00:19:56.872626,37.33,37.53
2025-04-07 00:19:59.449994,37.28,37.48
2025-04-07 00:20:01.244225,37.28,37.53
2025-04-07 00:20:01.556566,37.28,37.48
2025-04-07 00:20:03.368903,37.28,37.53
2025-04-07 00:20:04.650982,37.28,37.48
2025-04-07 00:20:13.483509,37.23,37.43
2025-04-07 00:20:25.674281,37.23,37.48
2025-04-07 00:20:29.096381,37.23,37.43
2025-04-07 00:20:37.705251,37.23,37.48
2025-04-07 00:20:51.107148,37.28,37.48
2025-04-07 00:20:53.395890,37.33,37.53
2025-04-07 00:20:57.430241,37.28,37.53
2025-04-07 00:20:59.685632,37.28,37.48
2025-04-07 00:21:04.838009,37.28,37.53
2025-04-07 00:21:05.106543,37.28,37.48
2025-04-07 00:21:07.033343,37.28,37.53
2025-04-07 00:21:07.422239,37.33,37.53
2025-04-07 00:21:08.049478,37.28,37.53
2025-04-07 00:21:09.536987,37.33,37.53
2025-04-07 00:21:19.265792,37.28,37.53
2025-04-07 00:21:21.099428,37.33,37.53
2025-04-07 00:21:37.793974,37.33,37.58
2025-04-07 00:21:43.970144,37.28,37.53
2025-04-07 00:21:44.853711,37.28,37.48
2025-04-07 00:22:00.278257,37.33,37.53
2025-04-07 00:22:01.025489,37.28,37.53
2025-04-07 00:22:05.018821,37.33,37.53
2025-04-07 00:22:07.572863,37.28,37.48
2025-04-07 00:22:12.685753,37.33,37.53
2025-04-07 00:22:14.314084,37.28,37.48
2025-04-07 00:22:20.238605,37.33,37.53
2025-04-07 00:22:22.315319,37.28,37.53
2025-04-07 00:22:22.700228,37.28,37.48
2025-04-07 00:22:25.595432,37.33,37.53
2025-04-07 00:22:26.762944,37.28,37.53
2025-04-07 00:22:30.055361,37.28,37.48
2025-04-07 00:22:30.333300,37.28,37.53
2025-04-07 00:22:31.569500,37.28,37.48
2025-04-07 00:22:44.270482,37.23,37.48
2025-04-07 00:22:45.280681,37.23,37.43
2025-04-07 00:22:52.559699,37.28,37.48
2025-04-07 00:22:53.153059,37.23,37.48
2025-04-07 00:22:53.436567,37.28,37.48
2025-04-07 00:22:57.360106,37.23,37.43
2025-04-07 00:23:01.682203,37.18,37.43
2025-04-07 00:23:03.616140,37.18,37.38
2025-04-07 00:23:59.573250,37.23,37.43
2025-04-07 00:24:10.160484,37.28,37.48
2025-04-07 00:24:22.762490,37.23,37.43
2025-04-07 00:24:24.808503,37.18,37.38
2025-04-07 00:24:26.244625,37.18,37.43
2025-04-07 00:24:28.256476,37.18,37.38
2025-04-07 00:24:30.246929,37.18,37.43
2025-04-07 00:24:31.082807,37.18,37.38
2025-04-07 00:24:39.363303,37.13,37.33
2025-04-07 00:24:43.403816,37.18,37.38
2025-04-07 00:24:49.910648,37.13,37.33
2025-04-07 00:24:51.487007,37.08,37.28
2025-04-07 00:25:02.056772,37.08,37.33
2025-04-07 00:25:02.555969,37.08,37.28
2025-04-07 00:25:03.071452,37.13,37.33
2025-04-07 00:25:03.757539,37.08,37.33
2025-04-07 00:25:04.570626,37.13,37.33
2025-04-07 00:25:50.956732,37.08,37.33
2025-04-07 00:25:51.684244,37.08,37.28
2025-04-07 00:26:17.630970,37.03,37.23
2025-04-07 00:26:29.071779,37.03,37.28
2025-04-07 00:26:30.038993,37.08,37.28
2025-04-07 00:26:42.072055,37.03,37.28
2025-04-07 00:26:42.782151,37.08,37.28
2025-04-07 00:26:47.049247,37.03,37.28
2025-04-07 00:26:47.824007,37.03,37.23
2025-04-07 00:26:48.332625,37.03,37.28
2025-04-07 00:26:51.509652,37.08,37.28
2025-04-07 00:26:52.779540,37.03,37.28
2025-04-07 00:26:53.458403,37.08,37.28
2025-04-07 00:26:53.962994,37.03,37.28
2025-04-07 00:26:55.926570,37.03,37.23
2025-04-07 00:27:15.109351,37.03,37.28
2025-04-07 00:27:18.146852,37.03,37.23
2025-04-07 00:27:23.678580,36.98,37.23
2025-04-07 00:27:26.325922,36.98,37.18
2025-04-07 00:27:35.262752,36.93,37.18
2025-04-07 00:27:36.014120,36.93,37.13
2025-04-07 00:28:07.859009,36.88,37.13
2025-04-07 00:28:13.166830,36.93,37.13
2025-04-07 00:28:15.841292,36.88,37.13
2025-04-07 00:28:16.252925,36.88,37.08
2025-04-07 00:28:16.865802,36.93,37.13
2025-04-07 00:28:22.995487,36.88,37.08
2025-04-07 00:28:25.653492,36.93,37.13
2025-04-07 00:28:27.792625,36.88,37.13
2025-04-07 00:28:28.839739,36.93,37.13
2025-04-07 00:28:35.392335,36.98,37.18
2025-04-07 00:28:36.731290,36.93,37.13
2025-04-07 00:28:37.676147,36.98,37.18
2025-04-07 00:28:38.615972,36.93,37.13
2025-04-07 00:28:51.654005,36.93,37.13
2025-04-07 00:29:19.784915,36.93,37.18
2025-04-07 00:29:20.228055,36.98,37.18
2025-04-07 00:29:22.441116,36.93,37.13
2025-04-07 00:29:27.249062,36.88,37.13
2025-04-07 00:29:29.168243,36.93,37.13
2025-04-07 00:29:56.049441,36.88,37.08
2025-04-07 00:30:05.283149,36.83,37.03
2025-04-07 00:30:14.148384,36.88,37.08
2025-04-07 00:30:19.602866,36.83,37.08
2025-04-07 00:30:23.805957,36.83,37.03
2025-04-07 00:30:28.797893,36.83,37.08
2025-04-07 00:30:29.676156,36.83,37.03
2025-04-07 00:30:38.097978,36.78,36.98
2025-04-07 00:30:41.525117,36.78,37.03
2025-04-07 00:30:44.378698,36.83,37.03
2025-04-07 00:30:51.700262,36.88,37.08
2025-04-07 00:30:52.402200,36.83,37.08
2025-04-07 00:30:53.987621,36.88,37.08
2025-04-07 00:30:55.296140,36.83,37.03
2025-04-07 00:30:55.794245,36.83,37.08
2025-04-07 00:30:57.683939,36.88,37.08
2025-04-07 00:30:59.878189,36.88,37.13
2025-04-07 00:31:00.482883,36.88,37.08
2025-04-07 00:31:01.699417,36.88,37.13
2025-04-07 00:31:02.178490,36.88,37.08
2025-04-07 00:31:03.142473,36.88,37.13
2025-04-07 00:31:07.560593,36.93,37.13
2025-04-07 00:31:08.380856,36.88,37.08
2025-04-07 00:31:16.372006,36.88,37.13
2025-04-07 00:31:16.641724,36.88,37.08
2025-04-07 00:31:29.840666,36.88,37.13
2025-04-07 00:31:33.127471,36.88,37.08
2025-04-07 00:31:34.022510,36.88,37.13
2025-04-07 00:31:35.765231,36.88,37.08
2025-04-07 00:31:39.471837,36.83,37.03
2025-04-07 00:31:39.742285,36.83,37.08
2025-04-07 00:31:40.902410,36.88,37.08
2025-04-07 00:31:50.433185,36.83,37.08
2025-04-07 00:31:51.742352,36.83,37.03
2025-04-07 00:31:56.882167,36.78,36.98
2025-04-07 00:32:22.834015,36.83,37.03
2025-04-07 00:32:23.757546,36.78,36.98
2025-04-07 00:32:34.046925,36.83,37.03
2025-04-07 00:32:48.359942,36.78,36.98
2025-04-07 00:32:58.592365,36.73,36.93
2025-04-07 00:33:02.529979,36.83,37.03
2025-04-07 00:33:03.153954,36.78,36.98
2025-04-07 00:33:04.439204,36.83,37.03
2025-04-07 00:33:04.780125,36.88,37.08
2025-04-07 00:33:07.442922,36.83,37.08
2025-04-07 00:33:10.035296,36.88,37.08
2025-04-07 00:33:12.981564,36.93,37.13
2025-04-07 00:33:13.525119,36.93,37.18
2025-04-07 00:33:16.919691,36.98,37.18
2025-04-07 00:33:37.709216,37.03,37.23
2025-04-07 00:33:38.285177,37.08,37.28
2025-04-07 00:33:38.840162,37.03,37.23
2025-04-07 00:33:41.626380,37.08,37.28
2025-04-07 00:33:43.233755,37.13,37.33
2025-04-07 00:33:56.655202,37.08,37.33
2025-04-07 00:33:58.196714,37.03,37.23
2025-04-07 00:34:02.348072,36.98,37.18
2025-04-07 00:34:02.938966,36.93,37.13
2025-04-07 00:34:04.686616,36.88,37.13
2025-04-07 00:34:07.650782,36.93,37.13
2025-04-07 00:34:11.877718,36.93,37.18
2025-04-07 00:34:15.003857,36.93,37.13
2025-04-07 00:34:23.818241,36.88,37.13
2025-04-07 00:34:24.698095,36.93,37.13
2025-04-07 00:34:37.622216,36.93,37.18
2025-04-07 00:34:38.540092,36.98,37.18
2025-04-07 00:34:41.544837,36.93,37.18
2025-04-07 00:34:42.990687,36.93,37.13
2025-04-07 00:34:47.699431,36.98,37.18
2025-04-07 00:34:49.826856,36.88,37.08
2025-04-07 00:34:50.464339,36.83,37.08
2025-04-07 00:34:52.214332,36.88,37.08
2025-04-07 00:34:53.747988,36.83,37.03
2025-04-07 00:34:56.806585,36.78,37.03
2025-04-07 00:34:57.320939,36.78,36.98
2025-04-07 00:34:58.419919,36.78,37.03
2025-04-07 00:35:00.874746,36.78,36.98
2025-04-07 00:35:01.411384,36.83,37.03
2025-04-07 00:35:02.457135,36.78,37.03
2025-04-07 00:35:08.811935,36.83,37.03
2025-04-07 00:35:09.766022,36.78,37.03
2025-04-07 00:35:10.540755,36.83,37.03
2025-04-07 00:35:14.738115,36.78,36.98
2025-04-07 00:35:15.986870,36.83,37.03
2025-04-07 00:35:21.961192,36.83,37.08
2025-04-07 00:35:22.670149,36.83,37.03
2025-04-07 00:35:47.144536,36.78,37.03
2025-04-07 00:35:48.047118,36.83,37.03
2025-04-07 00:35:50.922602,36.78,36.98
2025-04-07 00:36:05.419007,36.73,36.98
2025-04-07 00:36:07.801982,36.78,36.98
2025-04-07 00:36:09.988308,36.83,37.03
2025-04-07 00:36:13.534563,36.88,37.08
2025-04-07 00:36:20.749151,36.93,37.13
2025-04-07 00:36:21.282131,36.88,37.08
2025-04-07 00:36:24.787900,36.83,37.08
2025-04-07 00:36:26.848520,36.88,37.08
2025-04-07 00:36:30.634917,36.83,37.08
2025-04-07 00:36:33.281627,36.83,37.03
2025-04-07 00:36:35.122922,36.78,36.98
2025-04-07 00:36:35.908213,36.78,37.03
2025-04-07 00:36:36.716652,36.78,36.98
2025-04-07 00:36:47.895705,36.73,36.93
2025-04-07 00:36:54.686529,36.73,36.98
2025-04-07 00:36:57.013793,36.78,36.98
2025-04-07 00:37:05.139716,36.73,36.98
2025-04-07 00:37:05.955400,36.78,36.98
2025-04-07 00:37:08.245909,36.83,37.03
2025-04-07 00:37:11.301625,36.78,37.03
2025-04-07 00:37:13.630085,36.78,36.98
2025-04-07 00:37:17.619438,36.73,36.98
2025-04-07 00:37:20.897933,36.73,36.93
2025-04-07 00:37:38.921829,36.68,36.88
2025-04-07 00:37:50.803981,36.63,36.83
2025-04-07 00:37:53.883090,36.68,36.88
2025-04-07 00:37:59.680769,36.68,36.93
2025-04-07 00:38:02.371232,36.68,36.88
2025-04-07 00:38:10.497582,36.63,36.88
2025-04-07 00:38:15.406156,36.68,36.88
2025-04-07 00:38:36.078300,36.68,36.93
2025-04-07 00:38:41.123920,36.68,36.88
2025-04-07 00:38:41.698357,36.68,36.93
2025-04-07 00:38:42.230515,36.68,36.88
2025-04-07 00:38:47.429881,36.63,36.88
2025-04-07 00:38:55.828618,36.63,36.83
2025-04-07 00:39:04.494595,36.63,36.88
2025-04-07 00:39:07.716468,36.63,36.83
2025-04-07 00:39:12.666234,36.63,36.88
2025-04-07 00:39:16.189333,36.63,36.83
2025-04-07 00:39:17.898053,36.63,36.88
2025-04-07 00:39:22.771076,36.63,36.83
2025-04-07 00:39:26.139178,36.53,36.78
2025-04-07 00:39:27.107571,36.58,36.78
2025-04-07 00:39:28.104011,36.53,36.78
2025-04-07 00:39:30.596922,36.58,36.78
2025-04-07 00:39:35.643215,36.53,36.78
2025-04-07 00:39:36.194137,36.53,36.73
2025-04-07 00:39:37.248448,36.53,36.78
2025-04-07 00:39:39.968970,36.53,36.73
2025-04-07 00:39:46.470056,36.53,36.78
2025-04-07 00:39:47.483715,36.58,36.78
2025-04-07 00:40:01.448140,36.58,36.83
2025-04-07 00:40:02.197470,36.63,36.83
2025-04-07 00:40:04.136906,36.68,36.88
2025-04-07 00:40:05.013193,36.63,36.83
2025-04-07 00:40:11.129360,36.58,36.83
2025-04-07 00:40:11.639005,36.63,36.83
2025-04-07 00:40:16.902445,36.68,36.88
2025-04-07 00:40:31.172209,36.68,36.93
2025-04-07 00:40:31.680806,36.58,36.78
2025-04-07 00:40:32.245755,36.68,36.88
2025-04-07 00:40:34.179143,36.68,36.93
2025-04-07 00:40:34.657699,36.68,36.88
2025-04-07 00:40:37.561256,36.63,36.88
2025-04-07 00:40:38.087206,36.68,36.88
2025-04-07 00:40:59.414003,36.68,36.93
2025-04-07 00:41:01.395444,36.68,36.88
2025-04-07 00:41:21.779783,36.73,36.93
2025-04-07 00:41:23.377702,36.68,36.93
2025-04-07 00:41:24.424986,36.68,36.88
2025-04-07 00:41:59.844145,36.68,36.93
2025-04-07 00:42:00.538239,36.68,36.88
2025-04-07 00:42:08.336311,36.63,36.83
2025-04-07 00:42:10.546224,36.58,36.78
2025-04-07 00:42:20.164023,36.63,36.83
2025-04-07 00:42:20.562010,36.58,36.78
2025-04-07 00:42:21.557582,36.63,36.83
2025-04-07 00:42:27.510490,36.63,36.88
2025-04-07 00:42:28.260542,36.68,36.88
2025-04-07 00:42:35.361812,36.63,36.83
2025-04-07 00:42:51.302654,36.58,36.83
2025-04-07 00:42:52.034596,36.58,36.78
2025-04-07 00:42:56.180278,36.58,36.83
2025-04-07 00:42:56.496026,36.63,36.83
2025-04-07 00:43:09.232193,36.68,36.88
2025-04-07 00:43:17.005313,36.68,36.93
2025-04-07 00:43:17.993184,36.73,36.93
2025-04-07 00:43:33.963936,36.73,36.98
2025-04-07 00:43:38.945781,36.73,36.93
2025-04-07 00:43:40.473623,36.73,36.98
2025-04-07 00:43:41.406438,36.78,36.98
2025-04-07 00:43:43.550646,36.73,36.98
2025-04-07 00:43:46.050396,36.78,36.98
2025-04-07 00:43:53.983962,36.78,37.03
2025-04-07 00:43:56.870355,36.83,37.03
2025-04-07 00:43:58.375508,36.88,37.08
2025-04-07 00:43:58.914426,36.83,37.03
2025-04-07 00:44:03.612236,36.83,37.08
2025-04-07 00:44:04.724173,36.93,37.13
2025-04-07 00:44:05.070897,36.88,37.08
2025-04-07 00:44:09.613630,36.83,37.08
2025-04-07 00:44:12.355460,36.88,37.08
2025-04-07 00:44:13.247369,36.88,37.13
2025-04-07 00:44:17.086536,36.93,37.13
2025-04-07 00:44:19.866993,36.88,37.13
2025-04-07 00:44:21.388827,36.93,37.13
2025-04-07 00:44:22.422731,36.88,37.13
2025-04-07 00:44:23.917177,36.88,37.08
2025-04-07 00:44:24.662567,36.88,37.13
2025-04-07 00:44:25.811303,36.88,37.08
2025-04-07 00:44:28.626845,36.88,37.13
2025-04-07 00:44:30.307751,36.93,37.13
2025-04-07 00:44:31.417399,36.93,37.18
2025-04-07 00:44:37.867080,36.88,37.18
2025-04-07 00:44:39.722777,36.88,37.08
2025-04-07 00:44:43.583231,36.88,37.13
2025-04-07 00:44:44.095363,36.88,37.08
2025-04-07 00:44:46.653411,36.88,37.13
2025-04-07 00:44:46.749462,36.83,37.03
2025-04-07 00:44:50.014983,36.88,37.08
2025-04-07 00:44:51.809336,36.83,37.03
2025-04-07 00:44:52.971430,36.78,36.98
2025-04-07 00:44:54.133062,36.83,37.03
2025-04-07 00:44:55.592023,36.78,36.98
2025-04-07 00:44:56.492568,36.83,37.03
2025-04-07 00:44:58.105899,36.78,37.03
2025-04-07 00:44:58.988252,36.78,36.98
2025-04-07 00:45:02.019712,36.83,37.03
2025-04-07 00:45:03.465896,36.73,36.93
2025-04-07 00:45:04.020612,36.78,36.98
2025-04-07 00:45:08.065543,36.78,37.03
2025-04-07 00:45:08.585499,36.83,37.03
2025-04-07 00:45:23.910806,36.78,36.98
2025-04-07 00:45:43.438950,36.83,37.03
2025-04-07 00:45:44.568593,36.78,37.03
2025-04-07 00:45:46.899356,36.83,37.03
2025-04-07 00:45:50.200411,36.88,37.08
2025-04-07 00:45:56.246499,36.88,37.13
2025-04-07 00:45:58.064249,36.93,37.13
2025-04-07 00:45:58.195872,36.88,37.08
2025-04-07 00:46:00.291153,36.93,37.13
2025-04-07 00:46:00.697819,36.88,37.08
2025-04-07 00:46:13.005343,36.93,37.13
2025-04-07 00:46:19.715356,36.88,37.08
2025-04-07 00:46:25.538890,36.83,37.03
2025-04-07 00:46:32.661655,36.88,37.08
2025-04-07 00:46:44.330210,36.83,37.08
2025-04-07 00:46:45.675426,36.88,37.08
2025-04-07 00:46:46.858148,36.83,37.08
2025-04-07 00:46:50.536771,36.88,37.08
2025-04-07 00:46:51.058896,36.83,37.08
2025-04-07 00:46:51.675542,36.88,37.08
2025-04-07 00:47:09.694417,36.83,37.03
2025-04-07 00:47:18.914656,36.83,37.08
2025-04-07 00:47:19.425499,36.83,37.03
2025-04-07 00:47:21.314937,36.88,37.08
2025-04-07 00:47:37.822919,36.83,37.08
2025-04-07 00:47:38.648515,36.83,37.03
2025-04-07 00:47:42.703253,36.83,37.08
2025-04-07 00:47:43.344530,36.83,37.03
2025-04-07 00:47:43.863984,36.88,37.08
2025-04-07 00:47:44.586847,36.83,37.03
2025-04-07 00:47:45.506235,36.83,37.08
2025-04-07 00:47:47.137948,36.88,37.08
2025-04-07 00:47:52.523558,36.83,37.03
2025-04-07 00:47:53.165875,36.83,37.08
2025-04-07 00:47:54.553937,36.88,37.08
2025-04-07 00:47:58.459222,36.83,37.03
2025-04-07 00:48:00.131294,36.88,37.08
2025-04-07 00:48:06.028210,36.83,37.08
2025-04-07 00:48:07.978570,36.83,37.03
2025-04-07 00:48:17.658075,36.88,37.08
2025-04-07 00:48:19.756130,36.88,37.13
2025-04-07 00:48:20.537876,36.88,37.08
2025-04-07 00:48:53.405555,36.83,37.08
2025-04-07 00:48:54.268214,36.88,37.08
2025-04-07 00:48:55.103603,36.83,37.03
2025-04-07 00:48:55.887583,36.88,37.08
2025-04-07 00:48:57.264915,36.83,37.08
2025-04-07 00:48:57.711576,36.83,37.03
2025-04-07 00:49:12.140696,36.78,37.03
2025-04-07 00:49:13.281495,36.78,36.98
2025-04-07 00:49:14.878249,36.78,37.03
2025-04-07 00:49:16.625157,36.83,37.03
2025-04-07 00:49:20.115881,36.88,37.08
2025-04-07 00:49:24.250664,36.83,37.08
2025-04-07 00:49:29.800799,36.83,37.03
2025-04-07 00:49:31.610664,36.83,37.08
2025-04-07 00:49:33.348749,36.83,37.03
2025-04-07 00:49:40.558428,36.83,37.08
2025-04-07 00:49:42.167447,36.88,37.08
2025-04-07 00:49:43.518674,36.83,37.03
2025-04-07 00:49:49.571007,36.83,37.08
2025-04-07 00:49:52.192995,36.83,37.03
2025-04-07 00:49:52.899135,36.83,37.08
2025-04-07 00:49:56.265866,36.88,37.08
2025-04-07 00:49:59.250889,36.83,37.08
2025-04-07 00:50:02.171766,36.88,37.08
2025-04-07 00:50:02.985929,36.83,37.08
2025-04-07 00:50:03.724900,36.88,37.08
2025-04-07 00:50:16.103746,36.88,37.13
2025-04-07 00:50:17.545659,36.88,37.08
2025-04-07 00:50:29.525334,36.83,37.08
2025-04-07 00:50:30.166959,36.88,37.08
2025-04-07 00:50:59.589945,36.83,37.03
2025-04-07 00:51:01.139789,36.83,37.08
2025-04-07 00:51:01.774941,36.88,37.08
2025-04-07 00:51:03.368853,36.83,37.08
2025-04-07 00:51:04.235238,36.88,37.08
2025-04-07 00:51:09.223273,36.83,37.03
2025-04-07 00:51:23.805196,36.78,37.03
2025-04-07 00:51:24.317440,36.78,36.98
2025-04-07 00:51:26.417859,36.78,37.03
2025-04-07 00:51:28.463164,36.78,36.98
2025-04-07 00:51:33.139108,36.78,37.03
2025-04-07 00:51:43.239076,36.78,36.98
2025-04-07 00:51:44.588950,36.83,37.03
2025-04-07 00:51:51.170678,36.78,36.98
2025-04-07 00:51:55.117221,36.73,36.93
2025-04-07 00:51:57.019116,36.78,36.98
2025-04-07 00:52:05.918789,36.78,37.03
2025-04-07 00:52:07.298026,36.83,37.03
2025-04-07 00:52:08.171446,36.78,36.98
2025-04-07 00:52:10.320206,36.78,37.03
2025-04-07 00:52:11.378612,36.83,37.03
2025-04-07 00:52:15.763543,36.78,36.98
2025-04-07 00:52:17.993432,36.83,37.03
2025-04-07 00:52:21.648190,36.78,37.03
2025-04-07 00:52:22.901125,36.83,37.03
2025-04-07 00:52:26.235988,36.78,36.98
2025-04-07 00:52:36.647523,36.78,37.03
2025-04-07 00:52:37.833898,36.78,36.98
2025-04-07 00:52:46.159989,36.83,37.03
2025-04-07 00:52:52.556915,36.78,37.03
2025-04-07 00:52:55.006539,36.78,36.98
2025-04-07 00:53:02.237481,36.73,36.98
2025-04-07 00:53:05.180304,36.73,36.93
2025-04-07 00:53:14.406401,36.68,36.93
2025-04-07 00:53:15.217211,36.73,36.93
2025-04-07 00:53:29.237798,36.78,36.98
2025-04-07 00:53:35.602629,36.73,36.93
2025-04-07 00:53:45.782999,36.73,36.98
2025-04-07 00:53:46.943881,36.78,36.98
2025-04-07 00:53:48.304115,36.73,36.98
2025-04-07 00:53:49.300798,36.73,36.93
2025-04-07 00:53:53.018687,36.78,36.98
2025-04-07 00:54:00.227324,36.73,36.93
2025-04-07 00:54:29.751767,36.73,36.98
2025-04-07 00:54:32.225438,36.78,36.98
2025-04-07 00:54:36.550133,36.73,36.98
2025-04-07 00:54:37.749286,36.73,36.93
2025-04-07 00:54:38.295511,36.73,36.98
2025-04-07 00:54:39.998447,36.73,36.93
2025-04-07 00:54:59.001156,36.68,36.93
2025-04-07 00:55:04.434069,36.73,36.93
2025-04-07 00:55:16.237188,36.68,36.93
2025-04-07 00:55:17.678798,36.68,36.88
2025-04-07 00:55:33.783430,36.73,36.93
2025-04-07 00:55:38.501938,36.68,36.93
2025-04-07 00:55:41.916517,36.73,36.93
2025-04-07 00:55:42.235009,36.68,36.93
2025-04-07 00:55:49.787814,36.68,36.88
2025-04-07 00:55:53.133165,36.73,36.93
2025-04-07 00:55:53.845119,36.68,36.93
2025-04-07 00:55:54.482748,36.68,36.88
2025-04-07 00:55:55.285666,36.68,36.93
2025-04-07 00:55:55.515464,36.68,36.88
2025-04-07 00:56:26.193153,36.73,36.93
2025-04-07 00:56:30.996848,36.68,36.93
2025-04-07 00:56:31.534264,36.68,36.88
2025-04-07 00:56:35.992821,36.63,36.83
2025-04-07 00:56:47.674397,36.58,36.78
2025-04-07 00:56:49.394435,36.63,36.83
2025-04-07 00:56:50.658833,36.58,36.83
2025-04-07 00:56:51.769086,36.63,36.83
2025-04-07 00:56:52.680121,36.58,36.83
2025-04-07 00:56:54.620419,36.63,36.83
2025-04-07 00:57:00.305149,36.58,36.83
2025-04-07 00:57:06.778491,36.58,36.78
2025-04-07 00:57:07.960271,36.53,36.78
2025-04-07 00:57:09.193754,36.58,36.78
2025-04-07 00:57:10.778362,36.58,36.83
2025-04-07 00:57:11.328110,36.58,36.78
2025-04-07 00:57:12.441022,36.63,36.83
2025-04-07 00:57:20.491881,36.58,36.83
2025-04-07 00:57:21.317488,36.63,36.83
2025-04-07 00:57:22.298550,36.63,36.88
2025-04-07 00:57:23.877453,36.63,36.83
2025-04-07 00:57:29.582533,36.68,36.88
2025-04-07 00:57:34.205383,36.63,36.88
2025-04-07 00:57:34.868381,36.68,36.88
2025-04-07 00:57:43.135168,36.63,36.88
2025-04-07 00:57:44.554169,36.68,36.88
2025-04-07 00:57:46.360389,36.63,36.83
2025-04-07 00:57:53.066866,36.63,36.88
2025-04-07 00:57:55.603581,36.63,36.83
2025-04-07 00:57:57.126913,36.63,36.88
2025-04-07 00:57:58.700355,36.63,36.83
2025-04-07 00:58:08.468748,36.63,36.88
2025-04-07 00:58:09.328414,36.68,36.88
2025-04-07 00:58:10.167630,36.63,36.88
2025-04-07 00:58:11.445186,36.68,36.88
2025-04-07 00:58:29.442614,36.63,36.88
2025-04-07 00:58:30.011496,36.68,36.88
2025-04-07 00:58:34.794577,36.63,36.83
2025-04-07 00:58:36.081484,36.63,36.88
2025-04-07 00:58:37.924282,36.68,36.88
2025-04-07 00:59:42.507336,36.63,36.88
2025-04-07 00:59:43.059073,36.68,36.88
2025-04-07 00:59:43.811620,36.63,36.88
2025-04-07 00:59:45.623377,36.63,36.83
2025-04-07 01:00:02.026486,36.63,36.88
2025-04-07 01:00:03.614584,36.63,36.83
2025-04-07 01:00:13.078885,36.58,36.83
2025-04-07 01:00:15.078776,36.58,36.78
2025-04-07 01:00:22.774686,36.53,36.73
2025-04-07 01:00:24.678944,36.48,36.68
2025-04-07 01:00:25.188867,36.53,36.73
2025-04-07 01:00:34.225462,36.48,36.68
2025-04-07 01:00:35.339889,36.43,36.68
2025-04-07 01:00:36.898160,36.43,36.63
2025-04-07 01:00:37.514156,36.38,36.58
2025-04-07 01:00:38.281765,36.43,36.63
2025-04-07 01:00:39.510678,36.38,36.58
2025-04-07 01:00:49.310881,36.33,36.53
2025-04-07 01:00:56.163926,36.28,36.53
2025-04-07 01:00:57.508249,36.33,36.53
2025-04-07 01:01:09.117761,36.38,36.58
2025-04-07 01:01:09.877105,36.33,36.58
2025-04-07 01:01:12.235071,36.38,36.58
2025-04-07 01:01:15.150315,36.38,36.63
2025-04-07 01:01:19.222938,36.43,36.63
2025-04-07 01:01:27.843262,36.38,36.58
2025-04-07 01:01:31.063108,36.38,36.63
2025-04-07 01:01:32.697295,36.38,36.58
2025-04-07 01:01:35.237918,36.43,36.63
2025-04-07 01:01:38.345094,36.43,36.68
2025-04-07 01:01:39.066248,36.43,36.63
2025-04-07 01:01:39.834983,36.43,36.68
2025-04-07 01:01:40.483907,36.48,36.68
2025-04-07 01:01:45.011383,36.43,36.68
2025-04-07 01:01:45.689318,36.48,36.68
2025-04-07 01:02:01.076523,36.53,36.73
2025-04-07 01:02:14.296032,36.53,36.78
2025-04-07 01:02:14.849479,36.58,36.78
2025-04-07 01:02:15.623718,36.53,36.78
2025-04-07 01:02:17.415869,36.53,36.73
2025-04-07 01:02:25.552780,36.48,36.68
2025-04-07 01:02:26.022819,36.48,36.73
2025-04-07 01:02:27.047501,36.48,36.68
2025-04-07 01:02:46.629302,36.48,36.73
2025-04-07 01:02:52.566070,36.48,36.68
2025-04-07 01:02:53.789996,36.53,36.73
2025-04-07 01:02:55.142476,36.53,36.78
2025-04-07 01:02:57.424998,36.58,36.78
2025-04-07 01:03:01.782070,36.53,36.78
2025-04-07 01:03:04.059220,36.58,36.78
2025-04-07 01:03:10.624258,36.63,36.83
2025-04-07 01:03:21.072285,36.63,36.88
2025-04-07 01:03:22.985022,36.63,36.83
2025-04-07 01:03:24.456084,36.63,36.88
2025-04-07 01:03:37.980940,36.68,36.88
2025-04-07 01:03:39.108786,36.63,36.88
2025-04-07 01:03:40.790848,36.68,36.88
2025-04-07 01:03:42.617569,36.73,36.93
2025-04-07 01:03:44.638174,36.73,36.98
2025-04-07 01:03:48.556655,36.78,37.03
2025-04-07 01:03:51.708634,36.78,36.98
2025-04-07 01:03:53.493619,36.73,36.98
2025-04-07 01:03:56.529517,36.78,36.98
2025-04-07 01:03:56.854819,36.78,37.03
2025-04-07 01:03:59.594715,36.83,37.08
2025-04-07 01:04:03.371631,36.88,37.08
2025-04-07 01:04:03.584886,36.93,37.13
2025-04-07 01:04:07.524626,36.88,37.13
2025-04-07 01:04:09.811100,36.88,37.08
2025-04-07 01:04:15.825529,36.83,37.08
2025-04-07 01:04:17.596709,36.83,37.03
2025-04-07 01:04:20.735486,36.78,36.98
2025-04-07 01:04:21.729653,36.78,37.03
2025-04-07 01:04:22.423821,36.83,37.03
2025-04-07 01:04:27.776945,36.78,36.98
2025-04-07 01:04:34.935602,36.78,37.03
2025-04-07 01:04:35.952949,36.83,37.03
2025-04-07 01:04:42.894526,36.78,36.98
2025-04-07 01:04:43.586456,36.78,37.03
2025-04-07 01:04:46.310327,36.78,36.98
2025-04-07 01:04:46.875460,36.78,37.03
2025-04-07 01:04:50.391348,36.83,37.03
2025-04-07 01:04:51.175425,36.78,37.03
2025-04-07 01:04:53.878254,36.78,36.98
2025-04-07 01:04:56.778425,36.83,37.03
2025-04-07 01:04:58.416754,36.78,37.03
2025-04-07 01:04:59.428830,36.83,37.03
2025-04-07 01:05:10.424679,36.88,37.08
2025-04-07 01:05:16.485965,36.83,37.08
2025-04-07 01:05:17.081890,36.88,37.08
2025-04-07 01:05:24.590950,36.88,37.13
2025-04-07 01:05:25.120344,36.88,37.08
2025-04-07 01:05:30.400133,36.88,37.13
2025-04-07 01:05:31.263840,36.88,37.08
2025-04-07 01:05:35.145060,36.88,37.13
2025-04-07 01:05:37.037014,36.93,37.13
2025-04-07 01:05:44.583966,36.88,37.13
2025-04-07 01:05:46.102564,36.88,37.08
2025-04-07 01:05:52.336392,36.88,37.13
2025-04-07 01:05:53.339295,36.93,37.13
2025-04-07 01:06:01.958099,36.93,37.18
2025-04-07 01:06:03.640304,36.93,37.13
2025-04-07 01:06:04.390989,36.93,37.18
2025-04-07 01:06:08.870596,36.93,37.13
2025-04-07 01:06:13.958620,36.88,37.08
2025-04-07 01:06:18.327747,36.88,37.13
2025-04-07 01:06:20.971314,36.93,37.13
2025-04-07 01:06:26.504639,36.88,37.13
2025-04-07 01:06:27.890337,36.88,37.08
2025-04-07 01:06:28.571890,36.93,37.13
2025-04-07 01:06:29.120361,36.88,37.13
2025-04-07 01:06:32.082135,36.88,37.08
2025-04-07 01:06:36.292518,36.83,37.08
2025-04-07 01:06:36.730817,36.88,37.08
2025-04-07 01:06:38.208815,36.83,37.08
2025-04-07 01:06:38.772353,36.88,37.08
2025-04-07 01:06:40.499554,36.83,37.08
2025-04-07 01:06:47.371197,36.88,37.08
2025-04-07 01:07:19.737078,36.83,37.08
2025-04-07 01:07:20.830011,36.88,37.08
2025-04-07 01:07:26.122415,36.83,37.08
2025-04-07 01:07:34.253161,36.88,37.08
2025-04-07 01:07:36.147970,36.83,37.08
2025-04-07 01:07:38.534974,36.83,37.03
2025-04-07 01:07:40.489802,36.88,37.08
2025-04-07 01:07:44.685896,36.83,37.08
2025-04-07 01:07:45.739045,36.88,37.08
2025-04-07 01:07:47.235868,36.83,37.08
2025-04-07 01:07:48.990424,36.88,37.08
2025-04-07 01:07:54.436975,36.83,37.08
2025-04-07 01:07:55.537114,36.88,37.08
2025-04-07 01:07:59.868890,36.83,37.08
2025-04-07 01:08:06.407731,36.83,37.03
2025-04-07 01:08:19.068531,36.78,36.98
2025-04-07 01:08:32.819456,36.78,37.03
2025-04-07 01:08:34.591075,36.83,37.03
2025-04-07 01:08:50.349686,36.78,37.03
2025-04-07 01:08:52.139181,36.78,36.98
2025-04-07 01:08:55.823376,36.78,37.03
2025-04-07 01:08:56.566990,36.83,37.03
2025-04-07 01:09:01.314134,36.78,37.03
2025-04-07 01:09:02.094943,36.78,36.98
2025-04-07 01:09:09.294974,36.83,37.03
2025-04-07 01:09:16.643721,36.78,37.03
2025-04-07 01:09:19.535436,36.78,36.98
2025-04-07 01:09:47.302421,36.73,36.98
2025-04-07 01:09:58.318883,36.78,36.98
2025-04-07 01:10:06.355568,36.83,37.03
2025-04-07 01:10:09.372045,36.78,37.03
2025-04-07 01:10:10.852903,36.78,36.98
2025-04-07 01:10:26.448087,36.73,36.98
2025-04-07 01:10:30.618764,36.73,36.93
2025-04-07 01:10:44.214207,36.68,36.93
2025-04-07 01:10:48.083485,36.68,36.88
2025-04-07 01:10:49.804281,36.68,36.93
2025-04-07 01:10:51.129264,36.68,36.88
2025-04-07 01:10:53.296341,36.73,36.93
2025-04-07 01:11:15.338101,36.68,36.93
2025-04-07 01:11:16.747587,36.73,36.93
2025-04-07 01:11:17.430268,36.68,36.88
2025-04-07 01:11:19.611330,36.73,36.93
2025-04-07 01:11:26.115219,36.73,36.98
2025-04-07 01:11:28.504126,36.73,36.93
2025-04-07 01:11:32.113160,36.68,36.93
2025-04-07 01:11:33.235281,36.73,36.93
2025-04-07 01:11:35.397089,36.68,36.93
2025-04-07 01:11:37.318015,36.68,36.88
2025-04-07 01:11:42.587018,36.63,36.88
2025-04-07 01:11:56.813171,36.68,36.88
2025-04-07 01:12:05.216107,36.63,36.88
2025-04-07 01:12:07.480217,36.68,36.88
2025-04-07 01:12:10.127605,36.63,36.88
2025-04-07 01:12:32.212019,36.63,36.83
2025-04-07 01:12:33.152320,36.63,36.88
2025-04-07 01:12:51.883259,36.68,36.88
2025-04-07 01:13:05.734650,36.68,36.93
2025-04-07 01:13:08.750155,36.68,36.88
2025-04-07 01:13:15.076406,36.68,36.93
2025-04-07 01:13:16.535210,36.68,36.88
2025-04-07 01:13:18.295434,36.68,36.93
2025-04-07 01:13:25.491504,36.68,36.88
2025-04-07 01:13:37.861802,36.63,36.88
2025-04-07 01:13:39.332378,36.68,36.88
2025-04-07 01:13:51.101447,36.63,36.88
2025-04-07 01:13:55.125898,36.68,36.88
2025-04-07 01:14:08.951440,36.63,36.83
2025-04-07 01:14:14.964041,36.58,36.83
2025-04-07 01:14:15.694498,36.63,36.83
2025-04-07 01:14:22.182096,36.58,36.83
2025-04-07 01:14:23.677974,36.58,36.78
2025-04-07 01:14:38.582844,36.58,36.83
2025-04-07 01:14:39.329228,36.63,36.83
2025-04-07 01:14:39.880418,36.63,36.88
2025-04-07 01:14:40.675741,36.63,36.83
2025-04-07 01:14:43.299805,36.68,36.88
2025-04-07 01:14:44.015009,36.68,36.93
2025-04-07 01:14:46.546046,36.68,36.88
2025-04-07 01:14:46.997087,36.73,36.93
2025-04-07 01:14:47.963162,36.68,36.93
2025-04-07 01:14:48.972795,36.68,36.88
2025-04-07 01:15:01.683659,36.63,36.88
2025-04-07 01:15:03.066316,36.68,36.88
2025-04-07 01:15:08.256403,36.68,36.93
2025-04-07 01:15:10.042572,36.73,36.93
2025-04-07 01:15:10.613244,36.68,36.93
2025-04-07 01:15:14.758175,36.73,36.93
2025-04-07 01:15:24.970520,36.73,36.98
2025-04-07 01:15:26.044292,36.78,36.98
2025-04-07 01:15:32.336285,36.78,37.03
2025-04-07 01:15:38.020440,36.83,37.03
2025-04-07 01:15:38.599648,36.78,37.03
2025-04-07 01:15:41.425823,36.83,37.03
2025-04-07 01:15:44.144970,36.83,37.08
2025-04-07 01:15:46.275625,36.83,37.03
2025-04-07 01:15:48.953987,36.83,37.08
2025-04-07 01:15:51.888127,36.83,37.03
2025-04-07 01:15:56.676722,36.78,36.98
2025-04-07 01:15:58.555251,36.83,37.03
2025-04-07 01:16:06.011874,36.78,37.03
2025-04-07 01:16:06.475295,36.78,36.98
2025-04-07 01:16:06.980771,36.78,37.03
2025-04-07 01:16:08.799748,36.78,36.98
2025-04-07 01:16:15.320898,36.83,37.03
2025-04-07 01:16:29.511300,36.78,36.98
2025-04-07 01:16:30.685622,36.78,37.03
2025-04-07 01:16:33.559550,36.83,37.03
2025-04-07 01:16:38.094078,36.83,37.08
2025-04-07 01:16:40.458458,36.88,37.08
2025-04-07 01:16:44.641228,36.83,37.03
2025-04-07 01:16:54.875604,36.83,37.08
2025-04-07 01:16:56.258095,36.78,37.03
2025-04-07 01:16:57.043381,36.83,37.03
2025-04-07 01:17:05.267406,36.78,36.98
2025-04-07 01:17:14.956358,36.73,36.98
2025-04-07 01:17:15.668680,36.78,36.98
2025-04-07 01:17:16.572680,36.73,36.98
2025-04-07 01:17:17.556359,36.73,36.93
2025-04-07 01:17:26.513592,36.73,36.98
2025-04-07 01:17:27.178493,36.78,36.98
2025-04-07 01:17:27.968982,36.73,36.98
2025-04-07 01:17:28.574841,36.78,36.98
2025-04-07 01:17:31.610195,36.73,36.98
2025-04-07 01:17:32.424398,36.78,36.98
2025-04-07 01:17:41.703599,36.73,36.93
2025-04-07 01:17:43.725888,36.78,36.98
2025-04-07 01:17:46.477482,36.73,36.98
2025-04-07 01:17:48.817250,36.78,36.98
2025-04-07 01:17:56.480037,36.73,36.98
2025-04-07 01:17:57.106088,36.73,36.93
2025-04-07 01:17:58.024388,36.78,36.98
2025-04-07 01:17:58.642959,36.73,36.93
2025-04-07 01:17:59.786662,36.73,36.98
2025-04-07 01:18:03.312845,36.73,36.93
2025-04-07 01:18:05.595630,36.68,36.88
2025-04-07 01:18:07.335399,36.73,36.93
2025-04-07 01:18:07.711508,36.68,36.93
2025-04-07 01:18:09.744207,36.68,36.88
2025-04-07 01:18:12.297116,36.73,36.93
2025-04-07 01:18:17.522104,36.68,36.93
2025-04-07 01:18:18.276032,36.68,36.88
2025-04-07 01:18:21.438299,36.68,36.93
2025-04-07 01:18:23.973664,36.73,36.93
2025-04-07 01:18:25.869057,36.68,36.88
2025-04-07 01:18:33.312522,36.63,36.88
2025-04-07 01:18:38.294366,36.63,36.83
2025-04-07 01:18:40.194354,36.63,36.88
2025-04-07 01:18:43.322036,36.68,36.88
2025-04-07 01:18:51.261865,36.63,36.88
2025-04-07 01:18:51.857371,36.68,36.88
2025-04-07 01:19:00.383691,36.63,36.88
2025-04-07 01:19:01.864108,36.68,36.88
2025-04-07 01:19:02.657075,36.63,36.88
2025-04-07 01:19:04.961246,36.63,36.83
2025-04-07 01:19:16.235258,36.68,36.88
2025-04-07 01:19:55.141477,36.63,36.83
2025-04-07 01:20:06.380610,36.58,36.83
2025-04-07 01:20:07.556610,36.58,36.78
2025-04-07 01:20:11.905190,36.58,36.83
2025-04-07 01:20:15.971899,36.58,36.78
2025-04-07 01:20:23.820988,36.53,36.73
2025-04-07 01:20:34.563531,36.48,36.68
2025-04-07 01:20:48.039426,36.43,36.63
2025-04-07 01:20:54.825362,36.43,36.68
2025-04-07 01:20:55.372692,36.43,36.63
2025-04-07 01:20:56.117477,36.38,36.58
2025-04-07 01:21:01.580591,36.38,36.63
2025-04-07 01:21:07.088433,36.43,36.63
2025-04-07 01:21:08.171029,36.38,36.58
2025-04-07 01:21:24.353674,36.33,36.53
2025-04-07 01:21:25.833732,36.38,36.58
2025-04-07 01:21:27.063908,36.33,36.58
2025-04-07 01:21:27.986491,36.33,36.53
2025-04-07 01:21:47.013681,36.28,36.53
2025-04-07 01:21:50.057542,36.28,36.48
2025-04-07 01:21:50.984399,36.33,36.53
2025-04-07 01:21:59.454551,36.28,36.48
2025-04-07 01:22:00.634227,36.33,36.53
2025-04-07 01:22:10.600706,36.33,36.58
2025-04-07 01:22:11.338326,36.33,36.53
2025-04-07 01:22:42.022801,36.28,36.53
2025-04-07 01:22:43.281125,36.33,36.53
2025-04-07 01:23:00.135861,36.28,36.53
2025-04-07 01:23:11.699564,36.28,36.48
2025-04-07 01:23:13.421855,36.23,36.43
2025-04-07 01:23:16.994139,36.23,36.48
2025-04-07 01:23:17.757865,36.28,36.48
2025-04-07 01:23:18.605915,36.23,36.48
2025-04-07 01:23:20.657826,36.28,36.48
2025-04-07 01:23:26.609253,36.23,36.48
2025-04-07 01:23:28.835187,36.23,36.43
2025-04-07 01:23:39.714264,36.18,36.38
2025-04-07 01:23:55.475990,36.13,36.33
2025-04-07 01:24:05.726049,36.08,36.28
2025-04-07 01:24:11.397285,36.03,36.23
2025-04-07 01:24:14.825445,35.98,36.23
2025-04-07 01:24:15.354926,36.03,36.23
2025-04-07 01:24:16.076895,35.98,36.18
2025-04-07 01:24:16.953634,36.03,36.23
2025-04-07 01:24:22.535325,35.98,36.18
2025-04-07 01:24:29.400686,35.93,36.18
2025-04-07 01:24:29.617887,35.93,36.13
2025-04-07 01:24:31.285729,35.98,36.18
2025-04-07 01:24:32.099642,35.98,36.23
2025-04-07 01:24:32.898842,36.03,36.23
2025-04-07 01:24:34.744173,35.98,36.23
2025-04-07 01:24:35.827566,35.98,36.18
2025-04-07 01:24:39.732446,36.03,36.23
2025-04-07 01:24:42.694759,35.98,36.23
2025-04-07 01:24:45.707553,36.03,36.28
2025-04-07 01:24:49.008470,36.03,36.23
2025-04-07 01:24:52.555946,35.98,36.18
2025-04-07 01:25:00.066820,35.98,36.23
2025-04-07 01:25:03.854653,35.98,36.18
2025-04-07 01:25:07.631624,35.93,36.18
2025-04-07 01:25:09.482380,35.98,36.18
2025-04-07 01:25:11.484269,35.93,36.18
2025-04-07 01:25:14.403846,35.93,36.13
2025-04-07 01:25:18.119017,35.93,36.18
2025-04-07 01:25:21.292243,35.93,36.13
2025-04-07 01:25:26.570931,35.93,36.18
2025-04-07 01:25:28.091856,35.93,36.13
2025-04-07 01:25:28.637812,35.98,36.18
2025-04-07 01:25:36.306327,35.93,36.18
2025-04-07 01:25:43.766034,35.98,36.18
2025-04-07 01:25:44.851002,35.93,36.13
2025-04-07 01:25:57.035532,35.88,36.08
2025-04-07 01:25:58.266570,35.83,36.08
2025-04-07 01:25:59.322553,35.78,36.03
2025-04-07 01:26:02.253346,35.83,36.03
2025-04-07 01:26:02.930155,35.78,36.03
2025-04-07 01:26:03.872813,35.78,35.98
2025-04-07 01:26:07.154177,35.73,35.93
2025-04-07 01:26:08.187611,35.73,35.98
2025-04-07 01:26:09.740779,35.73,35.93
2025-04-07 01:26:13.787306,35.68,35.93
2025-04-07 01:26:15.603080,35.68,35.88
2025-04-07 01:26:17.443707,35.68,35.93
2025-04-07 01:26:18.267208,35.68,35.88
2025-04-07 01:26:19.086453,35.68,35.93
2025-04-07 01:26:19.718604,35.73,35.93
2025-04-07 01:26:20.342549,35.68,35.88
2025-04-07 01:26:23.774354,35.68,35.93
2025-04-07 01:26:24.572061,35.73,35.93
2025-04-07 01:26:30.807781,35.73,35.98
2025-04-07 01:26:31.543352,35.78,35.98
2025-04-07 01:26:32.701847,35.73,35.98
2025-04-07 01:26:36.966943,35.78,35.98
2025-04-07 01:26:42.540866,35.73,35.98
2025-04-07 01:26:47.753749,35.73,35.93
2025-04-07 01:26:52.998920,35.68,35.88
2025-04-07 01:26:53.462987,35.63,35.88
2025-04-07 01:26:56.259592,35.68,35.88
2025-04-07 01:26:57.443973,35.63,35.88
2025-04-07 01:27:02.409849,35.68,35.88
2025-04-07 01:27:03.173462,35.68,35.93
2025-04-07 01:27:04.754059,35.73,35.93
2025-04-07 01:27:05.496146,35.73,35.98
2025-04-07 01:27:06.696366,35.68,35.93
2025-04-07 01:27:08.611896,35.78,35.98
2025-04-07 01:27:09.675436,35.73,35.93
2025-04-07 01:27:10.156979,35.73,35.98
2025-04-07 01:27:10.742313,35.78,35.98
2025-04-07 01:27:32.302794,35.78,36.03
2025-04-07 01:27:36.848820,35.78,35.98
2025-04-07 01:27:38.173536,35.78,36.03
2025-04-07 01:27:39.305145,35.83,36.03
2025-04-07 01:27:54.205702,35.78,35.98
2025-04-07 01:28:10.102582,35.73,35.98
2025-04-07 01:28:11.059647,35.73,35.93
2025-04-07 01:28:12.034026,35.68,35.93
2025-04-07 01:28:13.883092,35.73,35.93
2025-04-07 01:28:14.227199,35.68,35.93
2025-04-07 01:28:15.079422,35.68,35.88
2025-04-07 01:28:16.157696,35.73,35.93
2025-04-07 01:28:16.961645,35.68,35.93
2025-04-07 01:28:38.926286,35.73,35.98
2025-04-07 01:28:39.652162,35.78,35.98
2025-04-07 01:28:55.174674,35.78,36.03
2025-04-07 01:28:55.682025,35.83,36.03
2025-04-07 01:28:56.970954,35.78,36.03
2025-04-07 01:28:57.508304,35.78,35.98
2025-04-07 01:28:59.163046,35.78,36.03
2025-04-07 01:28:59.660513,35.83,36.03
2025-04-07 01:29:08.801930,35.78,36.03
2025-04-07 01:29:15.938988,35.78,35.98
2025-04-07 01:29:22.993355,35.73,35.93
2025-04-07 01:29:23.441874,35.78,35.98
2025-04-07 01:29:30.807920,35.83,36.03
2025-04-07 01:29:43.648577,35.83,36.08
2025-04-07 01:29:45.177656,35.88,36.08
2025-04-07 01:29:47.938943,35.83,36.03
2025-04-07 01:29:58.029555,35.83,36.08
2025-04-07 01:29:59.633804,35.88,36.08
2025-04-07 01:30:13.694933,35.83,36.03
2025-04-07 01:30:17.699348,35.78,36.03
2025-04-07 01:30:22.319301,35.78,35.98
2025-04-07 01:30:25.815933,35.73,35.93
2025-04-07 01:30:28.281327,35.68,35.93
2025-04-07 01:30:31.086971,35.68,35.88
2025-04-07 01:30:32.700322,35.73,35.93
2025-04-07 01:30:46.852538,35.68,35.88
2025-04-07 01:30:50.860673,35.73,35.93
2025-04-07 01:30:52.164713,35.78,35.98
2025-04-07 01:30:54.013900,35.78,36.03
2025-04-07 01:30:54.528165,35.83,36.03
2025-04-07 01:31:01.187567,35.83,36.08
2025-04-07 01:31:02.195604,35.88,36.08
2025-04-07 01:31:02.800693,35.83,36.08
2025-04-07 01:31:07.133817,35.83,36.03
2025-04-07 01:31:14.742889,35.83,36.08
2025-04-07 01:31:18.220823,35.88,36.08
2025-04-07 01:31:21.344445,35.83,36.08
2025-04-07 01:31:22.409181,35.88,36.08
2025-04-07 01:31:23.146446,35.83,36.08
2025-04-07 01:31:23.529736,35.88,36.08
2025-04-07 01:31:29.214919,35.93,36.13
2025-04-07 01:31:30.690717,35.88,36.13
2025-04-07 01:31:31.375973,35.88,36.08
2025-04-07 01:31:35.670229,35.88,36.13
2025-04-07 01:31:39.591935,35.93,36.13
2025-04-07 01:31:39.774582,35.88,36.13
2025-04-07 01:31:44.106611,35.93,36.13
2025-04-07 01:32:01.921987,35.93,36.18
2025-04-07 01:32:06.578724,35.93,36.13
2025-04-07 01:32:13.534704,35.98,36.18
2025-04-07 01:32:15.466057,36.08,36.28
2025-04-07 01:32:16.564898,36.03,36.28
2025-04-07 01:32:26.574487,36.03,36.23
2025-04-07 01:32:30.408935,36.03,36.28
2025-04-07 01:32:32.076338,36.03,36.23
2025-04-07 01:32:34.318753,36.03,36.28
2025-04-07 01:32:37.433193,36.08,36.28
2025-04-07 01:32:39.054236,36.08,36.33
2025-04-07 01:32:39.894653,36.08,36.28
2025-04-07 01:32:40.937048,36.08,36.33
2025-04-07 01:32:41.707677,36.13,36.33
2025-04-07 01:32:42.333889,36.18,36.38
2025-04-07 01:32:43.501583,36.18,36.43
2025-04-07 01:32:45.777578,36.18,36.38
2025-04-07 01:32:51.297380,36.23,36.43
2025-04-07 01:32:54.780997,36.28,36.48
2025-04-07 01:32:56.037618,36.23,36.48
2025-04-07 01:32:57.414333,36.23,36.43
2025-04-07 01:32:57.706624,36.23,36.48
2025-04-07 01:32:59.428738,36.28,36.48
2025-04-07 01:33:03.844717,36.28,36.53
2025-04-07 01:33:04.614457,36.28,36.48
2025-04-07 01:33:06.611909,36.28,36.53
2025-04-07 01:33:07.479302,36.28,36.48
2025-04-07 01:33:08.106949,36.33,36.53
2025-04-07 01:33:10.172843,36.28,36.53
2025-04-07 01:33:11.742051,36.33,36.58
2025-04-07 01:33:13.668982,36.33,36.53
2025-04-07 01:33:14.268966,36.33,36.58
2025-04-07 01:33:15.272173,36.38,36.63
2025-04-07 01:33:20.774566,36.38,36.58
2025-04-07 01:33:21.346209,36.33,36.58
2025-04-07 01:33:22.854044,36.33,36.53
2025-04-07 01:33:36.238228,36.28,36.53
2025-04-07 01:33:40.241056,36.28,36.48
2025-04-07 01:33:41.138107,36.28,36.53
2025-04-07 01:33:43.844047,36.33,36.53
2025-04-07 01:33:44.970287,36.33,36.58
2025-04-07 01:33:47.530031,36.33,36.53
2025-04-07 01:33:50.098283,36.28,36.48
2025-04-07 01:33:54.912970,36.33,36.53
2025-04-07 01:33:57.592242,36.28,36.48
2025-04-07 01:34:25.149483,36.28,36.53
2025-04-07 01:34:29.854943,36.28,36.48
2025-04-07 01:34:36.206800,36.28,36.53
2025-04-07 01:34:40.321005,36.28,36.48
2025-04-07 01:34:47.682518,36.28,36.53
2025-04-07 01:34:49.898552,36.33,36.53
2025-04-07 01:34:54.891314,36.33,36.58
2025-04-07 01:34:57.775634,36.38,36.58
2025-04-07 01:35:03.044586,36.38,36.63
2025-04-07 01:35:03.996349,36.43,36.63
2025-04-07 01:35:06.757635,36.48,36.68
2025-04-07 01:35:07.174325,36.48,36.73
2025-04-07 01:35:12.990614,36.53,36.73
2025-04-07 01:35:14.639124,36.58,36.78
2025-04-07 01:35:20.462093,36.58,36.83
2025-04-07 01:35:21.963263,36.58,36.78
2025-04-07 01:35:29.623644,36.63,36.83
2025-04-07 01:35:34.112364,36.63,36.88
2025-04-07 01:35:37.215204,36.68,36.88
2025-04-07 01:35:37.745427,36.68,36.93
2025-04-07 01:35:40.678171,36.68,36.88
2025-04-07 01:35:41.402435,36.68,36.93
2025-04-07 01:35:41.977921,36.73,36.93
2025-04-07 01:35:42.819348,36.68,36.93
2025-04-07 01:35:43.308881,36.68,36.88
2025-04-07 01:35:43.378608,36.68,36.93
2025-04-07 01:35:46.554979,36.68,36.88
2025-04-07 01:35:50.676090,36.63,36.88
2025-04-07 01:35:54.060539,36.68,36.88
2025-04-07 01:35:57.202913,36.68,36.93
2025-04-07 01:35:59.133645,36.73,36.93
2025-04-07 01:35:59.983578,36.68,36.93
2025-04-07 01:36:02.764038,36.68,36.88
2025-04-07 01:36:03.548696,36.73,36.93
2025-04-07 01:36:08.201184,36.68,36.93
2025-04-07 01:36:12.144979,36.73,36.93
2025-04-07 01:36:12.904422,36.68,36.93
2025-04-07 01:36:13.712722,36.68,36.88
2025-04-07 01:36:14.916353,36.68,36.93
2025-04-07 01:36:16.362582,36.68,36.88
2025-04-07 01:36:20.575019,36.63,36.83
2025-04-07 01:36:26.138814,36.58,36.78
2025-04-07 01:36:27.241761,36.63,36.83
2025-04-07 01:36:28.725670,36.58,36.83
2025-04-07 01:36:30.119456,36.58,36.78
2025-04-07 01:36:31.780778,36.63,36.83
2025-04-07 01:36:35.923403,36.58,36.83
2025-04-07 01:36:37.904452,36.63,36.83
2025-04-07 01:36:44.083178,36.68,36.88
2025-04-07 01:36:45.222140,36.63,36.83
2025-04-07 01:36:46.562435,36.63,36.88
2025-04-07 01:36:51.148958,36.63,36.83
2025-04-07 01:36:54.372151,36.68,36.88
2025-04-07 01:36:57.876608,36.73,36.93
2025-04-07 01:37:01.995388,36.78,36.98
2025-04-07 01:37:03.100233,36.73,36.98
2025-04-07 01:37:06.049477,36.78,36.98
2025-04-07 01:37:11.776676,36.78,37.03
2025-04-07 01:37:12.151802,36.78,36.98
2025-04-07 01:37:20.784973,36.78,37.03
2025-04-07 01:37:25.263159,36.83,37.03
2025-04-07 01:37:26.625135,36.78,36.98
2025-04-07 01:37:37.138903,36.78,37.03
2025-04-07 01:37:38.816368,36.78,36.98
2025-04-07 01:37:46.917022,36.78,37.03
2025-04-07 01:37:49.543695,36.78,36.98
2025-04-07 01:38:05.225960,36.73,36.98
2025-04-07 01:38:06.253743,36.78,36.98
2025-04-07 01:38:24.905629,36.73,36.98
2025-04-07 01:38:33.920385,36.78,36.98
2025-04-07 01:38:47.865571,36.78,37.03
2025-04-07 01:38:48.432501,36.83,37.03
2025-04-07 01:38:48.629937,36.78,37.03
2025-04-07 01:38:49.233379,36.78,36.98
2025-04-07 01:38:55.150433,36.78,37.03
2025-04-07 01:38:55.556157,36.78,36.98
2025-04-07 01:38:55.889684,36.83,37.03
2025-04-07 01:39:03.072344,36.78,36.98
2025-04-07 01:39:07.057801,36.73,36.98
2025-04-07 01:39:10.639317,36.73,36.93
2025-04-07 01:39:31.141598,36.73,36.98
2025-04-07 01:39:35.191574,36.78,36.98
2025-04-07 01:39:37.689443,36.73,36.98
2025-04-07 01:39:38.100843,36.78,36.98
2025-04-07 01:39:53.098259,36.73,36.93
2025-04-07 01:39:54.604119,36.73,36.98
2025-04-07 01:39:55.554184,36.73,36.93
2025-04-07 01:39:56.070964,36.73,36.98
2025-04-07 01:39:56.848463,36.78,36.98
2025-04-07 01:40:01.531541,36.73,36.98
2025-04-07 01:40:03.521397,36.78,36.98
2025-04-07 01:40:06.314884,36.73,36.98
2025-04-07 01:40:07.657437,36.73,36.93
2025-04-07 01:40:09.593242,36.68,36.93
2025-04-07 01:40:14.303738,36.68,36.88
2025-04-07 01:40:23.303438,36.68,36.93
2025-04-07 01:40:24.364869,36.73,36.93
2025-04-07 01:40:25.465318,36.68,36.93
2025-04-07 01:40:27.114230,36.73,36.93
2025-04-07 01:40:30.091287,36.73,36.98
2025-04-07 01:40:36.085100,36.73,36.93
2025-04-07 01:40:50.187023,36.68,36.93
2025-04-07 01:40:50.616660,36.68,36.88
2025-04-07 01:40:53.092915,36.68,36.93
2025-04-07 01:40:54.132673,36.73,36.93
2025-04-07 01:41:03.970549,36.68,36.93
2025-04-07 01:41:04.650964,36.73,36.93
2025-04-07 01:41:05.773076,36.68,36.88
2025-04-07 01:41:06.631262,36.68,36.93
2025-04-07 01:41:09.179950,36.73,36.93
2025-04-07 01:41:10.675304,36.68,36.88
2025-04-07 01:41:10.929689,36.68,36.93
2025-04-07 01:41:12.681780,36.73,36.93
2025-04-07 01:41:15.613309,36.73,36.98
2025-04-07 01:41:18.272522,36.78,36.98
2025-04-07 01:41:22.004262,36.73,36.93
2025-04-07 01:41:52.364535,36.73,36.98
2025-04-07 01:41:53.931507,36.78,36.98
2025-04-07 01:42:06.196697,36.83,37.03
2025-04-07 01:42:22.066811,36.83,37.08
2025-04-07 01:42:25.255365,36.88,37.08
2025-04-07 01:42:31.962852,36.88,37.13
2025-04-07 01:42:33.144335,36.93,37.13
2025-04-07 01:42:34.582971,36.98,37.18
2025-04-07 01:42:38.608518,37.03,37.23
2025-04-07 01:42:39.331584,36.98,37.18
2025-04-07 01:42:41.148748,36.98,37.23
2025-04-07 01:42:42.411413,36.98,37.18
2025-04-07 01:42:53.913214,36.93,37.18
2025-04-07 01:42:58.544225,36.98,37.18
2025-04-07 01:43:01.548401,36.93,37.13
2025-04-07 01:43:02.632556,36.88,37.08
2025-04-07 01:43:09.013009,36.83,37.03
2025-04-07 01:43:09.710859,36.78,37.03
2025-04-07 01:43:10.931690,36.83,37.03
2025-04-07 01:43:13.145322,36.78,36.98
2025-04-07 01:43:18.516222,36.73,36.93
2025-04-07 01:43:25.139624,36.68,36.93
2025-04-07 01:43:25.815570,36.73,36.93
2025-04-07 01:43:27.982425,36.68,36.93
2025-04-07 01:43:32.461761,36.68,36.88
2025-04-07 01:43:35.909081,36.63,36.88
2025-04-07 01:43:38.694308,36.63,36.83
2025-04-07 01:43:41.080146,36.68,36.88
2025-04-07 01:43:47.345891,36.63,36.83
2025-04-07 01:43:53.418614,36.68,36.88
2025-04-07 01:43:57.299346,36.63,36.88
2025-04-07 01:43:58.451007,36.68,36.88
2025-04-07 01:44:00.858684,36.68,36.93
2025-04-07 01:44:01.630114,36.73,36.93
2025-04-07 01:44:05.313780,36.73,36.98
2025-04-07 01:44:06.159617,36.73,36.93
2025-04-07 01:44:07.683195,36.73,36.98
2025-04-07 01:44:08.545748,36.78,36.98
2025-04-07 01:44:11.161943,36.78,37.03
2025-04-07 01:44:13.720847,36.83,37.03
2025-04-07 01:44:21.493486,36.78,36.98
2025-04-07 01:44:22.117484,36.78,37.03
2025-04-07 01:44:22.616923,36.78,36.98
2025-04-07 01:44:29.962137,36.78,37.03
2025-04-07 01:44:31.613886,36.83,37.03
2025-04-07 01:44:32.116721,36.78,37.03
2025-04-07 01:44:33.754106,36.78,36.98
2025-04-07 01:44:43.806150,36.83,37.03
2025-04-07 01:44:45.557393,36.78,37.03
2025-04-07 01:44:46.395725,36.73,36.93
2025-04-07 01:44:47.206219,36.78,37.03
2025-04-07 01:44:50.559887,36.73,36.93
2025-04-07 01:44:58.368943,36.78,36.98
2025-04-07 01:45:00.833742,36.78,37.03
2025-04-07 01:45:01.787277,36.78,36.98
2025-04-07 01:45:05.897269,36.73,36.98
2025-04-07 01:45:08.250804,36.78,36.98
2025-04-07 01:45:10.246048,36.83,37.03
2025-04-07 01:45:14.433641,36.78,37.03
2025-04-07 01:45:17.620899,36.78,36.98
2025-04-07 01:45:30.761941,36.83,37.03
2025-04-07 01:45:32.059901,36.78,37.03
2025-04-07 01:45:33.039397,36.78,36.98
2025-04-07 01:45:34.031802,36.78,37.03
2025-04-07 01:45:35.486841,36.83,37.03
2025-04-07 01:45:35.733300,36.78,37.03
2025-04-07 01:45:37.112487,36.83,37.03
2025-04-07 01:45:43.610332,36.78,37.03
2025-04-07 01:45:44.499138,36.78,36.98
2025-04-07 01:45:49.629687,36.73,36.98
2025-04-07 01:45:50.345472,36.78,36.98
2025-04-07 01:46:00.962089,36.83,37.03
2025-04-07 01:46:02.492789,36.78,36.98
2025-04-07 01:46:13.493790,36.73,36.98
2025-04-07 01:46:15.149323,36.78,36.98
2025-04-07 01:46:15.836115,36.73,36.93
2025-04-07 01:46:17.795486,36.68,36.93
2025-04-07 01:46:18.892542,36.68,36.88
2025-04-07 01:46:19.790147,36.63,36.88
2025-04-07 01:46:29.113358,36.68,36.88
2025-04-07 01:46:29.256577,36.63,36.93
2025-04-07 01:46:32.000893,36.68,36.88
2025-04-07 01:46:33.633526,36.68,36.93
2025-04-07 01:46:37.848585,36.63,36.88
2025-04-07 01:46:45.646053,36.63,36.83
2025-04-07 01:46:46.383346,36.58,36.83
2025-04-07 01:46:49.829348,36.63,36.88
2025-04-07 01:46:55.718661,36.63,36.83
2025-04-07 01:46:56.758436,36.58,36.78
2025-04-07 01:46:58.440512,36.58,36.83
2025-04-07 01:46:59.510274,36.58,36.78
2025-04-07 01:47:00.998867,36.58,36.83
2025-04-07 01:47:02.291807,36.63,36.83
2025-04-07 01:47:03.677204,36.63,36.88
2025-04-07 01:47:06.765482,36.58,36.83
2025-04-07 01:47:09.647819,36.63,36.88
2025-04-07 01:47:11.423872,36.68,36.88
2025-04-07 01:47:14.489910,36.63,36.88
2025-04-07 01:47:19.385460,36.63,36.83
2025-04-07 01:47:20.393503,36.58,36.83
2025-04-07 01:47:23.814585,36.63,36.88
2025-04-07 01:47:25.663167,36.63,36.83
2025-04-07 01:47:27.157087,36.58,36.83
2025-04-07 01:47:31.131957,36.63,36.83
2025-04-07 01:47:33.397369,36.63,36.88
2025-04-07 01:47:41.625986,36.63,36.83
2025-04-07 01:47:46.246346,36.58,36.83
2025-04-07 01:47:48.400033,36.58,36.78
2025-04-07 01:47:53.029954,36.58,36.83
2025-04-07 01:47:58.580696,36.58,36.78
2025-04-07 01:47:59.614706,36.53,36.78
2025-04-07 01:48:02.556659,36.58,36.83
2025-04-07 01:48:13.962788,36.58,36.78
2025-04-07 01:48:14.694735,36.53,36.78
2025-04-07 01:48:21.624840,36.58,36.83
2025-04-07 01:48:42.339157,36.58,36.78
2025-04-07 01:48:43.407380,36.53,36.78
2025-04-07 01:48:44.280557,36.58,36.78
2025-04-07 01:48:46.053638,36.53,36.78
2025-04-07 01:48:58.686893,36.53,36.73
2025-04-07 01:49:01.492459,36.53,36.78
2025-04-07 01:49:08.884030,36.48,36.73
2025-04-07 01:49:11.357530,36.53,36.73
2025-04-07 01:49:12.091939,36.53,36.78
2025-04-07 01:49:17.700901,36.58,36.83
2025-04-07 01:49:20.554854,36.53,36.78
2025-04-07 01:49:21.191509,36.58,36.78
2025-04-07 01:49:25.094028,36.53,36.78
2025-04-07 01:49:28.294240,36.53,36.73
2025-04-07 01:49:29.083650,36.48,36.73
2025-04-07 01:49:38.192243,36.48,36.68
2025-04-07 01:49:46.394508,36.48,36.73
2025-04-07 01:49:58.111284,36.53,36.73
2025-04-07 01:50:07.406299,36.48,36.73
2025-04-07 01:50:08.006927,36.53,36.73
2025-04-07 01:50:13.606488,36.48,36.73
2025-04-07 01:50:15.820174,36.48,36.68
2025-04-07 01:50:16.605827,36.43,36.68
2025-04-07 01:50:29.167797,36.48,36.68
2025-04-07 01:50:30.126519,36.43,36.68
2025-04-07 01:50:32.147705,36.43,36.73
2025-04-07 01:50:33.206570,36.43,36.68
2025-04-07 01:50:43.912709,36.43,36.63
2025-04-07 01:50:44.153601,36.43,36.68
2025-04-07 01:50:50.020951,36.48,36.68
2025-04-07 01:50:50.619451,36.43,36.68
2025-04-07 01:50:52.423924,36.48,36.68
2025-04-07 01:50:57.392396,36.48,36.73
2025-04-07 01:51:01.724648,36.43,36.68
2025-04-07 01:51:10.771208,36.48,36.68
2025-04-07 01:51:13.285477,36.43,36.68
2025-04-07 01:51:18.107736,36.48,36.68
2025-04-07 01:51:22.354162,36.48,36.73
2025-04-07 01:51:23.610196,36.43,36.68
2025-04-07 01:51:28.322654,36.48,36.68
2025-04-07 01:51:28.968486,36.48,36.73
2025-04-07 01:51:34.944805,36.43,36.68
2025-04-07 01:52:16.494766,36.48,36.68
2025-04-07 01:52:19.282903,36.43,36.68
2025-04-07 01:52:27.819459,36.48,36.68
2025-04-07 01:52:32.130893,36.43,36.68
2025-04-07 01:52:36.586766,36.48,36.68
2025-04-07 01:52:39.883428,36.43,36.68
2025-04-07 01:52:43.170037,36.43,36.63
2025-04-07 01:52:45.128844,36.38,36.58
2025-04-07 01:52:53.384058,36.38,36.63
2025-04-07 01:52:57.284765,36.38,36.58
2025-04-07 01:53:02.112982,36.33,36.58
2025-04-07 01:53:07.056639,36.33,36.53
2025-04-07 01:53:22.214977,36.28,36.48
2025-04-07 01:53:24.365372,36.23,36.48
2025-04-07 01:53:39.039668,36.23,36.43
2025-04-07 01:53:44.643882,36.18,36.43
2025-04-07 01:53:56.229844,36.13,36.38
2025-04-07 01:54:00.653423,36.08,36.33
2025-04-07 01:54:06.169071,36.08,36.28
2025-04-07 01:54:07.895168,36.08,36.33
2025-04-07 01:54:08.680845,36.08,36.28
2025-04-07 01:54:19.085788,36.03,36.28
2025-04-07 01:54:54.816337,36.03,36.28
2025-04-07 01:54:56.170168,36.08,36.28
2025-04-07 01:55:03.235645,36.03,36.28
2025-04-07 01:55:04.005290,36.08,36.28
2025-04-07 01:55:07.203359,36.08,36.33
2025-04-07 01:55:07.712126,36.13,36.33
2025-04-07 01:55:09.374763,36.08,36.33
2025-04-07 01:55:10.176734,36.08,36.28
2025-04-07 01:55:18.105877,36.03,36.23
2025-04-07 01:55:21.163612,36.03,36.28
2025-04-07 01:55:22.216048,36.08,36.28
2025-04-07 01:55:36.519852,36.13,36.33
2025-04-07 01:55:37.694593,36.08,36.33
2025-04-07 01:55:49.311484,36.13,36.33
2025-04-07 01:55:53.098739,36.13,36.38
2025-04-07 01:55:53.836226,36.18,36.38
2025-04-07 01:55:57.295025,36.18,36.43
2025-04-07 01:55:59.429389,36.18,36.38
2025-04-07 01:56:01.085054,36.18,36.43
2025-04-07 01:56:02.027955,36.18,36.38
2025-04-07 01:56:03.512082,36.18,36.43
2025-04-07 01:56:06.888542,36.23,36.43
2025-04-07 01:56:10.124080,36.18,36.43
2025-04-07 01:56:20.059324,36.13,36.38
2025-04-07 01:56:22.612638,36.18,36.38
2025-04-07 01:56:26.174658,36.18,36.43
2025-04-07 01:56:31.445005,36.18,36.38
2025-04-07 01:56:35.237317,36.13,36.38
2025-04-07 01:56:39.043419,36.13,36.33
2025-04-07 01:56:46.209023,36.13,36.38
2025-04-07 01:56:46.735680,36.08,36.33
2025-04-07 01:56:51.272836,36.13,36.33
2025-04-07 01:56:58.273930,36.08,36.33
2025-04-07 01:57:01.503719,36.13,36.33
2025-04-07 01:57:06.680641,36.08,36.33
2025-04-07 01:57:11.670214,36.13,36.33
2025-04-07 01:57:14.279643,36.08,36.33
2025-04-07 01:57:15.641256,36.13,36.38
2025-04-07 01:57:25.362969,36.13,36.33
2025-04-07 01:57:27.011687,36.08,36.33
2025-04-07 01:57:50.565306,36.13,36.38
2025-04-07 01:57:58.804690,36.13,36.33
2025-04-07 01:58:01.981016,36.18,36.38
2025-04-07 01:58:06.548469,36.18,36.43
2025-04-07 01:58:08.414573,36.23,36.43
2025-04-07 01:58:12.185324,36.18,36.43
2025-04-07 01:58:22.126645,36.18,36.38
2025-04-07 01:58:25.211367,36.13,36.38
2025-04-07 01:58:30.306541,36.13,36.33
2025-04-07 01:58:38.130089,36.08,36.28
2025-04-07 01:58:41.849993,36.03,36.23
2025-04-07 01:58:52.044080,35.98,36.23
2025-04-07 01:59:01.149147,36.03,36.23
2025-04-07 01:59:05.924527,36.08,36.28
2025-04-07 01:59:07.216493,36.03,36.28
2025-04-07 01:59:10.715153,36.03,36.23
2025-04-07 01:59:15.562148,36.08,36.28
2025-04-07 01:59:18.717717,36.03,36.28
2025-04-07 01:59:19.489203,36.08,36.28
2025-04-07 01:59:20.798391,36.08,36.33
2025-04-07 01:59:22.502739,36.13,36.33
2025-04-07 01:59:29.375139,36.18,36.38
2025-04-07 01:59:30.730216,36.13,36.38
2025-04-07 01:59:33.932617,36.18,36.38
2025-04-07 01:59:35.687081,36.13,36.38
