timestamp,bid,ask
2025-04-05 21:09:05.066815,2458.6,2462.3
2025-04-06 21:55:04.521644,2458.6,2462.3
2025-04-06 22:47:35.309424,2458.6,2462.3
2025-04-06 23:13:29.914203,2458.6,2462.3
2025-04-07 00:01:01.429042,2458.6,2462.3
2025-04-07 00:28:51.655705,2458.6,2462.3
2025-04-07 02:05:49.582316,2458.6,2462.3
2025-04-07 03:16:15.066089,2458.6,2462.3
2025-04-07 05:31:12.234827,2458.6,2462.3
2025-04-07 06:46:46.180263,2316.7,2329.2
2025-04-07 06:46:46.609266,2319.6,2324.3
2025-04-07 06:46:46.952561,2315.5,2324.3
2025-04-07 06:46:49.818372,2314.9,2325.3
2025-04-07 06:46:54.380660,2316.3,2323.3
2025-04-07 06:46:54.841202,2318.4,2321.4
2025-04-07 06:46:55.542649,2316.8,2321.4
2025-04-07 06:46:56.778968,2320.6,2323.3
2025-04-07 06:46:57.745056,2319.8,2323.3
2025-04-07 06:46:58.590992,2319.3,2323.3
2025-04-07 06:46:58.700565,2321.6,2325.3
2025-04-07 06:46:58.984584,2320.7,2325.3
2025-04-07 06:46:59.426910,2321.6,2324.3
2025-04-07 06:47:00.377821,2321.6,2323.4
2025-04-07 06:47:00.993723,2319.6,2322.3
2025-04-07 06:47:02.292839,2319.6,2321.4
2025-04-07 06:47:02.853075,2317.6,2320.3
2025-04-07 06:47:03.492703,2315.6,2317.4
2025-04-07 06:47:04.347903,2314.6,2317.3
2025-04-07 06:47:04.673701,2313.0,2317.3
2025-04-07 06:47:05.692656,2313.6,2317.3
2025-04-07 06:47:06.426187,2314.6,2316.4
2025-04-07 06:47:07.161928,2312.6,2316.3
2025-04-07 06:47:07.730063,2310.6,2316.3
2025-04-07 06:47:08.539170,2312.6,2316.3
2025-04-07 06:47:09.255441,2310.6,2313.3
2025-04-07 06:47:09.928189,2309.6,2312.3
2025-04-07 06:47:11.079557,2309.6,2311.4
2025-04-07 06:47:11.391253,2308.6,2311.3
2025-04-07 06:47:11.901663,2301.6,2309.3
2025-04-07 06:47:12.254056,2300.5,2309.3
2025-04-07 06:47:12.491984,2299.6,2309.3
2025-04-07 06:47:13.204553,2300.6,2303.3
2025-04-07 06:47:14.287685,2299.6,2303.3
2025-04-07 06:47:15.774648,2298.5,2303.3
2025-04-07 06:47:19.643403,2299.6,2301.4
2025-04-07 06:47:19.930789,2299.0,2301.4
2025-04-07 06:47:20.534281,2299.6,2302.3
2025-04-07 06:47:21.030484,2300.6,2302.4
2025-04-07 06:47:22.298474,2299.6,2302.3
2025-04-07 06:47:25.202499,2298.9,2302.3
2025-04-07 06:47:27.382883,2299.6,2301.4
2025-04-07 06:47:28.038303,2299.0,2301.4
2025-04-07 06:47:29.278931,2298.6,2300.4
2025-04-07 06:47:30.004563,2293.7,2300.3
2025-04-07 06:47:30.209141,2290.6,2292.4
2025-04-07 06:47:31.374443,2289.6,2292.3
2025-04-07 06:47:33.091567,2260.9,2270.3
2025-04-07 06:47:33.622402,2260.9,2271.1
2025-04-07 06:47:33.953665,2260.6,2263.3
2025-04-07 06:47:34.295317,2256.1,2262.3
2025-04-07 06:47:35.922577,2249.6,2251.4
2025-04-07 06:47:36.185796,2249.6,2252.3
2025-04-07 06:47:36.748872,2255.3,2265.6
2025-04-07 06:47:37.726552,2262.6,2271.1
2025-04-07 06:47:38.231003,2260.6,2264.3
2025-04-07 06:47:38.770417,2260.6,2265.2
2025-04-07 06:47:39.272015,2259.7,2265.2
2025-04-07 06:47:40.580793,2255.6,2264.3
2025-04-07 06:47:41.435497,2250.6,2260.3
2025-04-07 06:47:41.975385,2250.6,2257.3
2025-04-07 06:47:42.627616,2251.7,2263.1
2025-04-07 06:47:43.590609,2248.6,2251.3
2025-04-07 06:47:44.330342,2246.6,2249.3
2025-04-07 06:47:47.590016,2254.8,2265.1
2025-04-07 06:47:48.205421,2259.6,2261.4
2025-04-07 06:47:50.204251,2259.6,2266.3
2025-04-07 06:47:51.581339,2269.6,2271.4
2025-04-07 06:47:55.544961,2269.6,2272.2
2025-04-07 06:47:58.108890,2254.6,2256.4
2025-04-07 06:47:58.856715,2253.7,2256.4
2025-04-07 06:47:59.428242,2255.6,2260.3
2025-04-07 06:48:00.053245,2255.6,2261.3
2025-04-07 06:48:00.203165,2256.6,2260.3
2025-04-07 06:48:00.348689,2256.6,2261.1
2025-04-07 06:48:01.131461,2256.6,2258.4
2025-04-07 06:48:02.902991,2256.6,2260.3
2025-04-07 06:48:03.563041,2256.6,2258.4
2025-04-07 06:48:05.098459,2259.6,2261.4
2025-04-07 06:48:05.957555,2260.3,2270.6
2025-04-07 06:48:06.446491,2260.3,2271.8
2025-04-07 06:48:07.546399,2260.3,2272.5
2025-04-07 06:48:07.804197,2269.6,2271.4
2025-04-07 06:48:08.396999,2259.8,2270.1
2025-04-07 06:48:09.243859,2259.6,2269.3
2025-04-07 06:48:10.954513,2259.6,2261.4
2025-04-07 06:48:11.927125,2259.6,2269.3
2025-04-07 06:48:12.459124,2259.8,2270.8
2025-04-07 06:48:13.869314,2259.6,2261.4
2025-04-07 06:48:14.558198,2259.6,2268.3
2025-04-07 06:48:15.179500,2260.6,2262.4
2025-04-07 06:48:16.242472,2259.6,2268.3
2025-04-07 06:48:17.437706,2260.6,2262.4
2025-04-07 06:48:18.546909,2264.6,2268.3
2025-04-07 06:48:19.403541,2265.6,2268.3
2025-04-07 06:48:20.181730,2265.6,2267.4
2025-04-07 06:48:23.345477,2266.6,2269.3
2025-04-07 06:48:23.596108,2266.6,2269.9
2025-04-07 06:48:26.891554,2267.6,2269.4
2025-04-07 06:48:27.400291,2265.6,2269.3
2025-04-07 06:48:27.760815,2265.6,2267.4
2025-04-07 06:48:31.291199,2260.6,2267.3
2025-04-07 06:48:31.691391,2260.6,2268.3
2025-04-07 06:48:34.525639,2260.6,2266.3
2025-04-07 06:48:36.085548,2261.6,2263.4
2025-04-07 06:48:38.167047,2261.0,2266.0
2025-04-07 06:48:38.460863,2265.6,2267.4
2025-04-07 06:48:40.359473,2264.6,2267.3
2025-04-07 06:48:41.187612,2264.6,2266.4
2025-04-07 06:48:42.365513,2264.6,2267.3
2025-04-07 06:48:43.825476,2264.6,2266.4
2025-04-07 06:48:44.147448,2264.6,2269.3
2025-04-07 06:48:45.202885,2264.6,2266.4
2025-04-07 06:48:45.729873,2264.6,2267.3
2025-04-07 06:48:46.802774,2265.6,2270.3
2025-04-07 06:48:47.607881,2265.6,2271.5
2025-04-07 06:48:48.828794,2266.6,2270.3
2025-04-07 06:48:49.584718,2265.6,2270.3
2025-04-07 06:48:50.723008,2267.6,2270.3
2025-04-07 06:48:51.223342,2267.6,2269.4
2025-04-07 06:48:52.869376,2268.6,2270.4
2025-04-07 06:48:53.484720,2269.6,2273.3
2025-04-07 06:48:54.260310,2267.6,2273.3
2025-04-07 06:48:54.723776,2269.6,2271.4
2025-04-07 06:48:55.436681,2269.6,2273.3
2025-04-07 06:48:57.535436,2269.6,2271.4
2025-04-07 06:48:58.195715,2270.6,2273.3
2025-04-07 06:48:58.409416,2270.6,2272.4
2025-04-07 06:48:58.605925,2270.6,2273.0
2025-04-07 06:48:59.375668,2270.6,2278.3
2025-04-07 06:49:00.326039,2271.6,2280.0
2025-04-07 06:49:01.498762,2272.6,2279.2
2025-04-07 06:49:04.586350,2272.6,2274.4
2025-04-07 06:49:05.196728,2272.6,2278.3
2025-04-07 06:49:06.037975,2274.6,2278.3
2025-04-07 06:49:06.681913,2278.6,2280.4
2025-04-07 06:49:07.432619,2274.6,2276.4
2025-04-07 06:49:09.510211,2272.6,2281.3
2025-04-07 06:49:10.161198,2275.6,2280.3
2025-04-07 06:49:11.083453,2275.6,2278.3
2025-04-07 06:49:11.868828,2272.6,2277.3
2025-04-07 06:49:12.365568,2273.6,2278.3
2025-04-07 06:49:12.862710,2272.6,2279.3
2025-04-07 06:49:13.860924,2273.6,2275.4
2025-04-07 06:49:16.059088,2273.6,2278.3
2025-04-07 06:49:16.493478,2273.6,2275.4
2025-04-07 06:49:17.131437,2275.6,2277.4
2025-04-07 06:49:17.800264,2274.6,2277.3
2025-04-07 06:49:18.062009,2274.6,2278.1
2025-04-07 06:49:19.701366,2275.6,2279.3
2025-04-07 06:49:20.561276,2276.6,2280.3
2025-04-07 06:49:21.477274,2276.6,2278.4
2025-04-07 06:49:22.360877,2276.6,2280.3
2025-04-07 06:49:23.227248,2276.6,2278.4
2025-04-07 06:49:23.861870,2277.6,2280.3
2025-04-07 06:49:26.831255,2277.6,2279.4
2025-04-07 06:49:28.092431,2277.6,2280.3
2025-04-07 06:49:28.554148,2277.6,2279.4
2025-04-07 06:49:29.900983,2277.6,2281.3
2025-04-07 06:49:31.127967,2276.6,2279.3
2025-04-07 06:49:32.292616,2276.6,2278.4
2025-04-07 06:49:32.367605,2276.6,2279.2
2025-04-07 06:49:32.994549,2276.6,2279.8
2025-04-07 06:49:34.723560,2276.6,2279.3
2025-04-07 06:49:35.957601,2276.6,2278.4
2025-04-07 06:49:36.674944,2276.6,2279.3
2025-04-07 06:49:37.174448,2276.6,2278.4
2025-04-07 06:49:38.927687,2275.6,2278.3
2025-04-07 06:49:39.770670,2270.6,2278.3
2025-04-07 06:49:41.297905,2270.6,2277.3
2025-04-07 06:49:41.578048,2270.6,2272.4
2025-04-07 06:49:42.228186,2271.6,2277.3
2025-04-07 06:49:44.621456,2270.6,2276.3
2025-04-07 06:49:45.123565,2270.6,2277.5
2025-04-07 06:49:49.891207,2271.6,2276.3
2025-04-07 06:49:52.639559,2271.6,2277.1
2025-04-07 06:49:53.286394,2271.6,2273.4
2025-04-07 06:49:54.690172,2272.6,2275.3
2025-04-07 06:49:56.494359,2272.6,2276.3
2025-04-07 06:49:58.384919,2274.6,2276.4
2025-04-07 06:50:00.346351,2275.6,2277.4
2025-04-07 06:50:04.656158,2274.6,2277.3
2025-04-07 06:50:10.133023,2274.6,2276.4
2025-04-07 06:50:11.074317,2274.6,2277.3
2025-04-07 06:50:12.086777,2276.6,2280.3
2025-04-07 06:50:12.796214,2277.6,2280.3
2025-04-07 06:50:19.859230,2277.6,2282.3
2025-04-07 06:50:21.107430,2278.6,2282.3
2025-04-07 06:50:22.706083,2279.6,2282.3
2025-04-07 06:50:23.697212,2279.6,2285.3
2025-04-07 06:50:24.611329,2279.6,2282.3
2025-04-07 06:50:26.995849,2279.6,2285.3
2025-04-07 06:50:28.044953,2281.6,2286.3
2025-04-07 06:50:28.930155,2281.6,2289.3
2025-04-07 06:50:29.577016,2283.6,2286.3
2025-04-07 06:50:30.694057,2282.6,2286.3
2025-04-07 06:50:32.491942,2282.6,2288.3
2025-04-07 06:50:34.050018,2282.6,2290.2
2025-04-07 06:50:34.621394,2284.6,2289.3
2025-04-07 06:50:35.496342,2284.6,2290.1
2025-04-07 06:50:36.449058,2284.6,2290.3
2025-04-07 06:50:36.929606,2282.6,2289.3
2025-04-07 06:50:38.406632,2282.6,2288.3
2025-04-07 06:50:39.488410,2281.6,2288.3
2025-04-07 06:50:40.404759,2281.6,2285.3
2025-04-07 06:50:40.982362,2281.6,2287.3
2025-04-07 06:50:42.620943,2281.6,2285.3
2025-04-07 06:50:43.948181,2279.6,2282.3
2025-04-07 06:50:44.850876,2280.6,2282.4
2025-04-07 06:50:45.289218,2279.6,2282.3
2025-04-07 06:50:47.404021,2277.6,2282.3
2025-04-07 06:50:48.927954,2276.6,2282.3
2025-04-07 06:50:49.592867,2277.6,2279.4
2025-04-07 06:50:51.792541,2276.6,2280.3
2025-04-07 06:50:53.527740,2276.6,2279.3
2025-04-07 06:50:55.704587,2276.6,2280.3
2025-04-07 06:50:58.227291,2276.6,2281.3
2025-04-07 06:51:00.922725,2276.6,2282.0
2025-04-07 06:51:01.570608,2276.6,2280.3
2025-04-07 06:51:03.021848,2277.6,2280.3
2025-04-07 06:51:07.606458,2279.6,2281.4
2025-04-07 06:51:11.130262,2278.6,2281.3
2025-04-07 06:51:11.873730,2278.6,2282.3
2025-04-07 06:51:12.972510,2279.6,2282.3
2025-04-07 06:51:13.544248,2278.6,2285.3
2025-04-07 06:51:14.452934,2278.6,2280.4
2025-04-07 06:51:17.035550,2277.6,2280.3
2025-04-07 06:51:19.120279,2277.6,2285.3
2025-04-07 06:51:19.375815,2279.6,2285.3
2025-04-07 06:51:20.378152,2281.6,2285.3
2025-04-07 06:51:21.373742,2280.6,2287.3
2025-04-07 06:51:23.352611,2281.6,2287.3
2025-04-07 06:51:25.912945,2281.6,2285.3
2025-04-07 06:51:30.752525,2282.6,2285.3
2025-04-07 06:51:35.397497,2283.6,2285.4
2025-04-07 06:51:36.196167,2283.6,2287.3
2025-04-07 06:51:36.660901,2284.6,2287.3
2025-04-07 06:51:37.625820,2284.6,2286.4
2025-04-07 06:51:38.580643,2283.6,2285.4
2025-04-07 06:51:39.809376,2283.6,2286.3
2025-04-07 06:51:40.554898,2284.6,2286.4
2025-04-07 06:51:45.603826,2284.6,2287.3
2025-04-07 06:51:46.498249,2284.6,2286.4
2025-04-07 06:51:48.474447,2283.6,2285.4
2025-04-07 06:51:50.227630,2283.6,2286.3
2025-04-07 06:51:51.748531,2283.6,2287.3
2025-04-07 06:51:53.872526,2283.6,2286.3
2025-04-07 06:51:54.936838,2282.6,2286.3
2025-04-07 06:51:56.336538,2282.6,2284.4
2025-04-07 06:51:57.966918,2283.6,2286.3
2025-04-07 06:52:00.237335,2285.6,2287.4
2025-04-07 06:52:09.293955,2284.6,2287.3
2025-04-07 06:52:09.806874,2281.6,2286.3
2025-04-07 06:52:10.191598,2281.6,2287.5
2025-04-07 06:52:10.445047,2279.7,2287.5
2025-04-07 06:52:10.931477,2284.6,2286.4
2025-04-07 06:52:11.788200,2281.6,2287.3
2025-04-07 06:52:16.119306,2282.6,2287.3
2025-04-07 06:52:16.994933,2283.6,2287.3
2025-04-07 06:52:17.834265,2282.6,2287.3
2025-04-07 06:52:20.647377,2282.6,2286.3
2025-04-07 06:52:22.375534,2282.6,2285.3
2025-04-07 06:52:27.763423,2282.6,2284.4
2025-04-07 06:52:37.305481,2281.6,2284.3
2025-04-07 06:52:37.759457,2281.6,2283.4
2025-04-07 06:52:38.748522,2280.6,2282.4
2025-04-07 06:52:40.066082,2281.6,2283.4
2025-04-07 06:52:41.150170,2280.6,2283.3
2025-04-07 06:52:42.039907,2279.6,2283.3
2025-04-07 06:52:45.457255,2279.6,2281.4
2025-04-07 06:52:51.156542,2278.6,2281.3
2025-04-07 06:52:53.611506,2277.6,2279.4
2025-04-07 06:53:01.679408,2277.6,2280.3
2025-04-07 06:53:02.277172,2279.6,2281.4
2025-04-07 06:53:07.825537,2279.6,2283.3
2025-04-07 06:53:10.701465,2280.6,2283.3
2025-04-07 06:53:11.302817,2279.6,2283.3
2025-04-07 06:53:18.624767,2279.6,2285.3
2025-04-07 06:53:18.889692,2278.8,2286.1
2025-04-07 06:53:19.846943,2283.6,2285.4
2025-04-07 06:53:20.824396,2279.6,2285.3
2025-04-07 06:53:22.666922,2280.6,2284.3
2025-04-07 06:53:31.028227,2280.6,2283.3
2025-04-07 06:53:32.669028,2281.6,2283.4
2025-04-07 06:53:35.424352,2281.6,2284.3
2025-04-07 06:53:38.980733,2282.6,2284.4
2025-04-07 06:53:40.562492,2282.6,2285.3
2025-04-07 06:53:42.530534,2281.6,2285.3
2025-04-07 06:53:51.026789,2280.6,2283.3
2025-04-07 06:53:53.153744,2281.6,2283.4
2025-04-07 06:53:54.201428,2282.6,2284.4
2025-04-07 06:53:55.322627,2282.6,2285.3
2025-04-07 06:53:56.835909,2283.6,2286.3
2025-04-07 06:54:10.225031,2283.6,2285.4
2025-04-07 06:54:14.401747,2282.6,2285.3
2025-04-07 06:54:17.911362,2283.6,2285.4
2025-04-07 06:54:19.442471,2283.6,2286.3
2025-04-07 06:54:22.497517,2282.6,2286.3
2025-04-07 06:54:23.500270,2282.6,2287.2
2025-04-07 06:54:24.844932,2282.6,2285.3
2025-04-07 06:54:26.200243,2283.6,2286.3
2025-04-07 06:54:28.301713,2283.6,2285.4
2025-04-07 06:54:31.481902,2282.6,2285.3
2025-04-07 06:54:48.675701,2283.6,2285.4
2025-04-07 06:54:59.030037,2284.6,2286.4
2025-04-07 06:55:04.254753,2285.6,2287.4
2025-04-07 06:55:06.963153,2284.6,2287.3
2025-04-07 06:55:12.361142,2286.6,2288.4
2025-04-07 06:55:14.102147,2286.6,2289.3
2025-04-07 06:55:14.904595,2288.6,2290.4
2025-04-07 06:55:15.454630,2288.6,2291.3
2025-04-07 06:55:17.747272,2288.6,2292.3
2025-04-07 06:55:19.829038,2290.6,2292.4
2025-04-07 06:55:20.507254,2290.6,2293.3
2025-04-07 06:55:26.604465,2290.6,2295.3
2025-04-07 06:55:27.451748,2292.6,2295.3
2025-04-07 06:55:29.394170,2292.6,2294.4
2025-04-07 06:55:29.892886,2292.6,2295.3
2025-04-07 06:55:32.305203,2292.6,2294.4
2025-04-07 06:55:34.376546,2292.6,2295.3
2025-04-07 06:55:35.120157,2294.6,2296.4
2025-04-07 06:55:40.290716,2294.6,2297.3
2025-04-07 06:55:42.342614,2293.6,2295.4
2025-04-07 06:55:45.620340,2293.6,2296.3
2025-04-07 06:55:47.166362,2293.6,2297.3
2025-04-07 06:55:47.663144,2293.6,2295.4
2025-04-07 06:55:48.528200,2295.6,2297.4
2025-04-07 06:55:48.946070,2294.6,2296.4
2025-04-07 06:55:51.979813,2294.6,2298.3
2025-04-07 06:55:52.496786,2295.6,2298.3
2025-04-07 06:55:53.479521,2296.6,2298.4
2025-04-07 06:55:54.467205,2295.6,2298.3
2025-04-07 06:55:57.154838,2296.6,2298.4
2025-04-07 06:55:57.438598,2295.6,2298.3
2025-04-07 06:55:58.257482,2296.6,2298.4
2025-04-07 06:55:59.168617,2295.6,2298.3
2025-04-07 06:56:09.657110,2295.6,2297.4
2025-04-07 06:56:10.154288,2295.6,2298.3
2025-04-07 06:56:14.498792,2294.6,2298.3
2025-04-07 06:56:15.703662,2294.6,2297.3
2025-04-07 06:56:18.960086,2294.6,2298.3
2025-04-07 06:56:19.777516,2296.6,2298.4
2025-04-07 06:56:20.939872,2294.6,2298.3
2025-04-07 06:56:23.063918,2294.6,2297.3
2025-04-07 06:56:23.440272,2294.6,2296.4
2025-04-07 06:56:24.185540,2293.6,2296.3
2025-04-07 06:56:24.795201,2293.6,2295.4
2025-04-07 06:56:25.505273,2293.6,2296.3
2025-04-07 06:56:28.886105,2293.6,2295.4
2025-04-07 06:56:29.290504,2292.6,2294.4
2025-04-07 06:56:30.575534,2290.6,2294.3
2025-04-07 06:56:31.998759,2288.3,2292.3
2025-04-07 06:56:32.738420,2289.6,2291.4
2025-04-07 06:56:33.770698,2288.6,2290.4
2025-04-07 06:56:37.130162,2287.6,2290.3
2025-04-07 06:56:39.588228,2288.6,2292.3
2025-04-07 06:56:42.009558,2289.6,2292.3
2025-04-07 06:56:47.960748,2289.6,2291.4
2025-04-07 06:56:52.794721,2288.6,2291.3
2025-04-07 06:56:53.625460,2288.6,2292.3
2025-04-07 06:56:54.829603,2288.6,2291.3
2025-04-07 06:56:56.860030,2288.6,2290.4
2025-04-07 06:56:59.784915,2285.6,2290.3
2025-04-07 06:57:00.754223,2285.6,2291.3
2025-04-07 06:57:01.771623,2287.6,2290.3
2025-04-07 06:57:03.641343,2287.6,2291.3
2025-04-07 06:57:08.945048,2287.6,2290.3
2025-04-07 06:57:09.926998,2288.6,2290.4
2025-04-07 06:57:11.900012,2287.6,2290.3
2025-04-07 06:57:20.185410,2286.6,2290.3
2025-04-07 06:57:22.693015,2285.6,2289.3
2025-04-07 06:57:23.731809,2285.6,2288.3
2025-04-07 06:57:25.974466,2285.6,2287.4
2025-04-07 06:57:26.815400,2285.6,2288.3
2025-04-07 06:57:33.927460,2285.6,2287.4
2025-04-07 06:57:35.195534,2285.6,2289.3
2025-04-07 06:57:35.941703,2287.6,2290.3
2025-04-07 06:57:38.575993,2288.6,2290.4
2025-04-07 06:57:39.892949,2289.6,2291.4
2025-04-07 06:57:43.496502,2290.6,2292.4
2025-04-07 06:57:45.768265,2290.6,2294.3
2025-04-07 06:57:48.063408,2290.6,2293.3
2025-04-07 06:57:48.420374,2291.6,2293.4
2025-04-07 06:57:48.844596,2291.6,2295.3
2025-04-07 06:57:51.308520,2291.6,2294.3
2025-04-07 06:57:53.457432,2289.6,2293.3
2025-04-07 06:57:54.828992,2289.6,2292.3
2025-04-07 06:57:56.135938,2289.6,2291.4
2025-04-07 06:58:11.330539,2289.6,2292.3
2025-04-07 06:58:12.830076,2290.6,2292.4
2025-04-07 06:58:19.990909,2290.6,2293.3
2025-04-07 06:58:20.973755,2291.6,2293.4
2025-04-07 06:58:23.534233,2291.6,2294.3
2025-04-07 06:58:24.892894,2292.6,2294.4
2025-04-07 06:58:25.846075,2291.6,2293.4
2025-04-07 06:58:26.876970,2290.6,2292.4
2025-04-07 06:58:34.710459,2289.6,2292.3
2025-04-07 06:58:41.563944,2290.6,2292.4
2025-04-07 06:58:42.538136,2289.6,2292.3
2025-04-07 06:58:44.664624,2290.6,2293.3
2025-04-07 06:58:47.074690,2291.6,2293.4
2025-04-07 06:58:49.146392,2290.6,2293.3
2025-04-07 06:58:50.246657,2291.6,2293.4
2025-04-07 06:58:54.042564,2290.6,2293.3
2025-04-07 06:58:57.138785,2291.6,2294.3
2025-04-07 06:58:59.104671,2292.6,2294.4
2025-04-07 06:59:02.929566,2290.6,2294.3
2025-04-07 06:59:03.446917,2289.6,2292.3
2025-04-07 06:59:12.207365,2290.6,2292.4
2025-04-07 06:59:12.983016,2289.6,2293.3
2025-04-07 06:59:18.765665,2290.6,2292.4
2025-04-07 06:59:20.287935,2289.6,2292.3
2025-04-07 06:59:24.655508,2287.6,2290.3
2025-04-07 06:59:25.447091,2285.6,2290.3
2025-04-07 06:59:33.091570,2285.6,2291.0
2025-04-07 06:59:38.305445,2285.6,2288.3
2025-04-07 06:59:45.896628,2285.6,2290.3
2025-04-07 06:59:46.697565,2284.4,2290.3
2025-04-07 06:59:51.407488,2285.6,2287.4
2025-04-07 06:59:51.937596,2285.6,2289.3
2025-04-07 06:59:53.417379,2286.6,2289.3
2025-04-07 06:59:54.809811,2285.6,2288.3
2025-04-07 06:59:55.027442,2284.6,2288.3
2025-04-07 06:59:56.453881,2286.6,2288.4
2025-04-07 06:59:57.072088,2284.6,2287.3
2025-04-07 06:59:57.463294,2282.6,2287.3
2025-04-07 06:59:57.932494,2281.8,2287.3
2025-04-07 06:59:59.031123,2282.6,2286.3
2025-04-07 07:00:00.446258,2282.6,2287.3
2025-04-07 07:00:01.956535,2282.6,2285.3
2025-04-07 07:00:02.085481,2281.9,2285.3
2025-04-07 07:00:02.589182,2283.6,2285.4
2025-04-07 07:00:03.737550,2284.6,2286.4
2025-04-07 07:00:04.532086,2286.6,2288.4
2025-04-07 07:00:05.008120,2288.6,2291.3
2025-04-07 07:00:05.460826,2290.6,2294.3
2025-04-07 07:00:06.605197,2292.6,2295.3
2025-04-07 07:00:07.842096,2293.6,2297.3
2025-04-07 07:00:17.806355,2295.6,2298.3
2025-04-07 07:00:19.037176,2294.6,2297.3
2025-04-07 07:00:19.675502,2294.6,2296.4
2025-04-07 07:00:20.354402,2294.6,2297.3
2025-04-07 07:00:23.226835,2295.6,2297.4
2025-04-07 07:00:24.010115,2295.6,2298.3
2025-04-07 07:00:24.843668,2295.6,2297.4
2025-04-07 07:00:26.169731,2294.6,2297.3
2025-04-07 07:00:26.755420,2295.6,2297.4
2025-04-07 07:00:27.679893,2294.6,2297.3
2025-04-07 07:00:28.238027,2291.6,2297.3
2025-04-07 07:00:29.234423,2291.6,2296.3
2025-04-07 07:00:32.035494,2291.6,2295.3
2025-04-07 07:00:32.944454,2289.6,2293.3
2025-04-07 07:00:34.948570,2289.6,2292.3
2025-04-07 07:00:36.334477,2289.6,2291.4
2025-04-07 07:00:37.980660,2287.6,2291.3
2025-04-07 07:00:38.561850,2287.6,2289.4
2025-04-07 07:00:39.870879,2287.6,2290.3
2025-04-07 07:00:40.181362,2286.6,2289.3
2025-04-07 07:00:42.484327,2287.6,2289.4
2025-04-07 07:00:43.027608,2286.6,2289.3
2025-04-07 07:00:44.064192,2286.6,2288.4
2025-04-07 07:00:45.353459,2283.6,2287.3
2025-04-07 07:00:45.591697,2285.6,2287.4
2025-04-07 07:00:47.826346,2283.6,2286.3
2025-04-07 07:00:49.627285,2283.6,2285.4
2025-04-07 07:00:50.560345,2283.6,2286.3
2025-04-07 07:00:51.554043,2284.6,2286.4
2025-04-07 07:00:52.698353,2286.6,2289.3
2025-04-07 07:00:53.239036,2286.6,2291.3
2025-04-07 07:00:54.281570,2286.6,2289.3
2025-04-07 07:00:54.795108,2287.6,2289.4
2025-04-07 07:00:57.838653,2287.6,2291.3
2025-04-07 07:00:58.678807,2289.6,2291.4
2025-04-07 07:01:02.504819,2288.6,2291.3
2025-04-07 07:01:03.301724,2291.6,2293.4
2025-04-07 07:01:04.284260,2291.6,2295.3
2025-04-07 07:01:05.106386,2293.6,2295.4
2025-04-07 07:01:05.881393,2289.6,2294.3
2025-04-07 07:01:07.373620,2290.6,2294.3
2025-04-07 07:01:09.247858,2290.6,2293.3
2025-04-07 07:01:09.910356,2290.6,2292.4
2025-04-07 07:01:11.228826,2289.6,2291.4
2025-04-07 07:01:14.754665,2286.6,2291.3
2025-04-07 07:01:15.607846,2285.6,2288.3
2025-04-07 07:01:16.846921,2285.6,2287.4
2025-04-07 07:01:18.125732,2285.6,2288.3
2025-04-07 07:01:19.005062,2286.6,2290.3
2025-04-07 07:01:19.553174,2286.6,2289.3
2025-04-07 07:01:26.211250,2287.6,2289.4
2025-04-07 07:01:27.455759,2286.6,2289.3
2025-04-07 07:01:34.332953,2285.6,2289.3
2025-04-07 07:01:35.455744,2286.6,2288.4
2025-04-07 07:01:36.581997,2285.6,2288.3
2025-04-07 07:01:36.758656,2286.6,2289.3
2025-04-07 07:01:39.796837,2287.6,2289.4
2025-04-07 07:01:41.377353,2287.6,2290.3
2025-04-07 07:01:41.851501,2288.6,2290.4
2025-04-07 07:01:44.060834,2288.6,2292.3
2025-04-07 07:01:44.485107,2289.6,2293.3
2025-04-07 07:01:46.981509,2289.6,2292.3
2025-04-07 07:01:47.908551,2290.6,2293.3
2025-04-07 07:01:52.240543,2290.6,2294.3
2025-04-07 07:01:55.060705,2291.6,2294.3
2025-04-07 07:01:55.127556,2291.6,2295.3
2025-04-07 07:01:55.433794,2292.6,2295.3
2025-04-07 07:01:55.966586,2292.6,2296.3
2025-04-07 07:01:56.172977,2293.6,2295.4
2025-04-07 07:01:56.563007,2295.6,2298.3
2025-04-07 07:02:03.950297,2296.6,2299.3
2025-04-07 07:02:04.387753,2298.6,2300.4
2025-04-07 07:02:04.756008,2298.6,2302.3
2025-04-07 07:02:08.115689,2298.6,2301.3
2025-04-07 07:02:08.639388,2298.6,2300.4
2025-04-07 07:02:09.702006,2296.6,2299.3
2025-04-07 07:02:10.389408,2293.6,2297.3
2025-04-07 07:02:10.860288,2296.6,2301.3
2025-04-07 07:02:11.804099,2296.6,2300.3
2025-04-07 07:02:13.057778,2296.6,2298.4
2025-04-07 07:02:14.057630,2294.6,2297.3
2025-04-07 07:02:14.691700,2294.6,2296.4
2025-04-07 07:02:15.290081,2289.6,2292.3
2025-04-07 07:02:15.497709,2290.6,2292.4
2025-04-07 07:02:16.303193,2290.6,2293.3
2025-04-07 07:02:18.330624,2290.6,2294.3
2025-04-07 07:02:19.443266,2294.6,2297.3
2025-04-07 07:02:20.741648,2296.6,2299.3
2025-04-07 07:02:21.694456,2294.6,2298.3
2025-04-07 07:02:23.095437,2294.6,2297.3
2025-04-07 07:02:23.475973,2293.6,2295.4
2025-04-07 07:02:23.660728,2294.6,2296.4
2025-04-07 07:02:24.778432,2294.6,2298.3
2025-04-07 07:02:25.962741,2295.6,2299.3
2025-04-07 07:02:26.573742,2296.6,2298.4
2025-04-07 07:02:29.371603,2293.6,2296.3
2025-04-07 07:02:30.507010,2294.6,2296.4
2025-04-07 07:02:33.230248,2293.6,2296.3
2025-04-07 07:02:33.755083,2294.6,2296.4
2025-04-07 07:02:34.433479,2293.6,2296.3
2025-04-07 07:02:35.307483,2295.6,2297.4
2025-04-07 07:02:35.901831,2296.6,2298.4
2025-04-07 07:02:37.230328,2296.6,2299.3
2025-04-07 07:02:38.390277,2298.6,2301.3
2025-04-07 07:02:38.827726,2299.6,2301.4
2025-04-07 07:02:39.109568,2301.6,2303.4
2025-04-07 07:02:39.834225,2301.6,2304.3
2025-04-07 07:02:40.377878,2300.6,2304.3
2025-04-07 07:02:41.380828,2300.6,2303.3
2025-04-07 07:02:42.374602,2299.6,2303.3
2025-04-07 07:02:47.548540,2300.6,2303.3
2025-04-07 07:02:48.462635,2301.6,2303.4
2025-04-07 07:02:48.998047,2300.6,2304.3
2025-04-07 07:02:50.160983,2300.6,2303.3
2025-04-07 07:02:50.792143,2298.6,2300.4
2025-04-07 07:02:51.213267,2297.6,2299.4
2025-04-07 07:02:52.292820,2294.6,2296.4
2025-04-07 07:02:53.501657,2295.6,2297.4
2025-04-07 07:02:54.172986,2294.6,2298.3
2025-04-07 07:02:54.974890,2296.6,2298.4
2025-04-07 07:02:55.966163,2294.6,2298.3
2025-04-07 07:02:57.535760,2294.6,2296.4
2025-04-07 07:02:58.031923,2293.6,2295.4
2025-04-07 07:02:58.771222,2294.6,2296.4
2025-04-07 07:02:59.477550,2293.6,2296.3
2025-04-07 07:02:59.989382,2295.6,2297.4
2025-04-07 07:03:01.290738,2293.6,2296.3
2025-04-07 07:03:04.731872,2293.6,2297.3
2025-04-07 07:03:06.580127,2294.6,2297.3
2025-04-07 07:03:06.832595,2294.6,2296.4
2025-04-07 07:03:07.139751,2293.6,2296.3
2025-04-07 07:03:07.476169,2292.6,2296.3
2025-04-07 07:03:08.423394,2293.6,2296.3
2025-04-07 07:03:08.871884,2295.6,2298.3
2025-04-07 07:03:09.290722,2296.6,2298.4
2025-04-07 07:03:09.888249,2295.6,2299.3
2025-04-07 07:03:10.932829,2299.6,2301.4
2025-04-07 07:03:12.883217,2299.6,2302.3
2025-04-07 07:03:14.230554,2298.6,2303.3
2025-04-07 07:03:15.161467,2301.6,2303.4
2025-04-07 07:03:17.929817,2299.6,2303.3
2025-04-07 07:03:24.475545,2300.6,2303.3
2025-04-07 07:03:25.485708,2303.6,2306.3
2025-04-07 07:03:26.574838,2304.6,2306.4
2025-04-07 07:03:27.512926,2305.6,2308.3
2025-04-07 07:03:28.343455,2304.6,2308.3
2025-04-07 07:03:29.261946,2303.6,2305.4
2025-04-07 07:03:30.860421,2302.6,2305.3
2025-04-07 07:03:32.785001,2302.6,2304.4
2025-04-07 07:03:34.173924,2302.6,2305.3
2025-04-07 07:03:34.678324,2301.6,2305.3
2025-04-07 07:03:35.047738,2301.6,2303.4
2025-04-07 07:03:35.741491,2301.6,2305.3
2025-04-07 07:03:39.080805,2301.6,2303.4
2025-04-07 07:03:39.304965,2300.6,2303.3
2025-04-07 07:03:40.778389,2300.6,2305.3
2025-04-07 07:03:41.163721,2299.6,2302.3
2025-04-07 07:03:42.501213,2300.6,2302.4
2025-04-07 07:03:44.430607,2299.6,2303.3
2025-04-07 07:03:49.046438,2298.6,2303.3
2025-04-07 07:03:50.988102,2298.6,2304.3
2025-04-07 07:03:52.689098,2299.6,2303.3
2025-04-07 07:03:53.757534,2300.6,2303.3
2025-04-07 07:03:54.058271,2300.6,2304.3
2025-04-07 07:03:54.328879,2300.6,2302.4
2025-04-07 07:03:55.782531,2297.6,2301.3
2025-04-07 07:04:01.774035,2296.6,2301.3
2025-04-07 07:04:06.877329,2299.6,2301.4
2025-04-07 07:04:09.909997,2295.6,2298.3
2025-04-07 07:04:11.355703,2296.6,2298.4
2025-04-07 07:04:14.288561,2294.6,2296.4
2025-04-07 07:04:15.125585,2293.6,2296.3
2025-04-07 07:04:17.407557,2293.6,2295.4
2025-04-07 07:04:23.409205,2292.6,2294.4
2025-04-07 07:04:25.704897,2291.6,2294.3
2025-04-07 07:04:26.996516,2290.6,2293.3
2025-04-07 07:04:28.775425,2288.6,2292.3
2025-04-07 07:04:29.610563,2287.6,2290.3
2025-04-07 07:04:31.446153,2286.6,2288.4
2025-04-07 07:04:32.159745,2286.6,2289.3
2025-04-07 07:04:33.889488,2285.6,2289.3
2025-04-07 07:04:34.114779,2285.6,2287.4
2025-04-07 07:04:36.075193,2284.6,2287.3
2025-04-07 07:04:37.828616,2284.6,2286.4
2025-04-07 07:04:39.190919,2283.6,2286.3
2025-04-07 07:04:40.494207,2282.6,2286.3
2025-04-07 07:04:42.594103,2281.6,2283.4
2025-04-07 07:04:45.792126,2280.6,2285.3
2025-04-07 07:04:46.262751,2281.6,2285.3
2025-04-07 07:04:47.699960,2283.6,2285.4
2025-04-07 07:04:52.292111,2282.6,2285.3
2025-04-07 07:04:54.297229,2281.6,2286.3
2025-04-07 07:04:56.183533,2282.6,2286.3
2025-04-07 07:05:01.743125,2282.6,2284.4
2025-04-07 07:05:02.663162,2283.6,2287.3
2025-04-07 07:05:03.406609,2286.6,2289.3
2025-04-07 07:05:05.931028,2287.6,2289.4
2025-04-07 07:05:09.674536,2287.6,2290.3
2025-04-07 07:05:10.573136,2287.6,2291.3
2025-04-07 07:05:11.511584,2289.6,2291.4
2025-04-07 07:05:14.691175,2289.6,2292.3
2025-04-07 07:05:16.495654,2290.6,2293.3
2025-04-07 07:05:17.017220,2290.6,2292.4
2025-04-07 07:05:17.263382,2289.6,2292.3
2025-04-07 07:05:19.478188,2289.6,2293.3
2025-04-07 07:05:20.113157,2291.6,2294.3
2025-04-07 07:05:21.414378,2292.6,2295.3
2025-04-07 07:05:32.741669,2292.6,2294.4
2025-04-07 07:05:33.049077,2292.6,2295.3
2025-04-07 07:05:33.733387,2292.6,2294.4
2025-04-07 07:05:34.495896,2291.6,2294.3
2025-04-07 07:05:35.085354,2290.6,2294.3
2025-04-07 07:05:35.611759,2291.6,2294.3
2025-04-07 07:05:36.298827,2291.6,2293.4
2025-04-07 07:05:37.527111,2290.6,2292.4
2025-04-07 07:05:37.812693,2291.6,2296.3
2025-04-07 07:05:38.739794,2292.6,2295.3
2025-04-07 07:05:39.346524,2293.6,2295.4
2025-04-07 07:05:42.129079,2293.6,2296.3
2025-04-07 07:05:43.244160,2294.6,2297.3
2025-04-07 07:05:45.379370,2292.6,2295.3
2025-04-07 07:05:48.197127,2293.6,2295.4
2025-04-07 07:05:50.106209,2293.6,2297.3
2025-04-07 07:05:51.592084,2295.6,2297.4
2025-04-07 07:05:52.129823,2296.6,2298.4
2025-04-07 07:05:57.514082,2296.6,2299.3
2025-04-07 07:05:57.962219,2297.6,2299.4
2025-04-07 07:05:58.758132,2297.6,2300.3
2025-04-07 07:06:07.466996,2298.6,2300.4
2025-04-07 07:06:07.929998,2300.6,2302.4
2025-04-07 07:06:08.128091,2299.6,2301.4
2025-04-07 07:06:10.375059,2299.6,2304.3
2025-04-07 07:06:11.079525,2301.6,2304.3
2025-04-07 07:06:11.583426,2302.6,2305.3
2025-04-07 07:06:12.452055,2302.6,2306.3
2025-04-07 07:06:12.966910,2302.6,2305.3
2025-04-07 07:06:17.669924,2303.6,2305.4
2025-04-07 07:06:18.444054,2304.6,2306.4
2025-04-07 07:06:19.876246,2304.6,2307.3
2025-04-07 07:06:20.966672,2304.6,2306.4
2025-04-07 07:06:22.233828,2302.6,2306.3
2025-04-07 07:06:24.611183,2302.6,2305.3
2025-04-07 07:06:24.773313,2298.6,2304.3
2025-04-07 07:06:25.457036,2297.6,2299.4
2025-04-07 07:06:29.473868,2297.6,2300.3
2025-04-07 07:06:31.426165,2297.6,2299.4
2025-04-07 07:06:33.964039,2297.6,2300.3
2025-04-07 07:06:35.923385,2298.6,2300.4
2025-04-07 07:06:36.268422,2299.6,2302.3
2025-04-07 07:06:36.762911,2299.6,2303.3
2025-04-07 07:06:44.133161,2299.6,2304.3
2025-04-07 07:06:46.629713,2299.6,2303.3
2025-04-07 07:06:47.407288,2300.6,2303.3
2025-04-07 07:06:48.312253,2300.6,2304.3
2025-04-07 07:06:50.573218,2301.6,2304.3
2025-04-07 07:06:51.035076,2302.6,2306.3
2025-04-07 07:06:51.281574,2303.6,2305.4
2025-04-07 07:06:51.976375,2304.6,2306.4
2025-04-07 07:06:52.771391,2305.6,2307.4
2025-04-07 07:06:54.200479,2304.6,2307.3
2025-04-07 07:06:56.127676,2305.6,2307.4
2025-04-07 07:06:56.392881,2297.6,2299.4
2025-04-07 07:06:59.630094,2298.6,2300.4
2025-04-07 07:07:01.628769,2298.6,2301.3
2025-04-07 07:07:02.631960,2299.6,2302.3
2025-04-07 07:07:03.257478,2300.6,2302.4
2025-04-07 07:07:04.187686,2300.6,2304.3
2025-04-07 07:07:04.809608,2301.6,2304.3
2025-04-07 07:07:06.627145,2301.6,2305.3
2025-04-07 07:07:08.952014,2301.6,2304.3
2025-04-07 07:07:11.923577,2301.6,2303.4
2025-04-07 07:07:12.537258,2302.6,2304.4
2025-04-07 07:07:13.291885,2301.6,2305.3
2025-04-07 07:07:13.777682,2302.6,2305.3
2025-04-07 07:07:14.383860,2302.6,2304.4
2025-04-07 07:07:17.066347,2301.6,2304.3
2025-04-07 07:07:18.544291,2300.6,2304.3
2025-04-07 07:07:20.501156,2299.6,2303.3
2025-04-07 07:07:21.643857,2300.6,2302.4
2025-04-07 07:07:22.581784,2300.6,2303.3
2025-04-07 07:07:23.401458,2301.6,2304.3
2025-04-07 07:07:24.760341,2301.6,2303.4
2025-04-07 07:07:25.007548,2299.6,2304.3
2025-04-07 07:07:25.493866,2300.6,2304.3
2025-04-07 07:07:28.559745,2301.6,2304.3
2025-04-07 07:07:29.811548,2301.6,2303.4
2025-04-07 07:07:30.036850,2302.6,2305.3
2025-04-07 07:07:31.049357,2303.6,2305.4
2025-04-07 07:07:31.874052,2301.6,2305.3
2025-04-07 07:07:32.962438,2302.6,2305.3
2025-04-07 07:07:40.784771,2303.6,2305.4
2025-04-07 07:07:42.435547,2303.6,2306.3
2025-04-07 07:07:42.634549,2303.6,2305.4
2025-04-07 07:07:42.938250,2303.6,2306.3
2025-04-07 07:07:51.549539,2304.6,2306.4
2025-04-07 07:07:53.156621,2305.6,2307.4
2025-04-07 07:07:54.263687,2304.6,2307.3
2025-04-07 07:07:57.846699,2305.6,2307.4
2025-04-07 07:07:59.528019,2305.6,2308.3
2025-04-07 07:08:01.833547,2306.6,2309.3
2025-04-07 07:08:02.363773,2305.6,2308.3
2025-04-07 07:08:02.711199,2305.6,2307.4
2025-04-07 07:08:03.435211,2305.6,2308.3
2025-04-07 07:08:04.032398,2306.6,2308.4
2025-04-07 07:08:04.251466,2305.6,2308.3
2025-04-07 07:08:05.234674,2305.6,2307.4
2025-04-07 07:08:07.946172,2305.6,2308.3
2025-04-07 07:08:08.590327,2305.6,2309.3
2025-04-07 07:08:09.310534,2306.6,2308.4
2025-04-07 07:08:10.578557,2305.6,2308.3
2025-04-07 07:08:11.109592,2306.6,2308.4
2025-04-07 07:08:12.402673,2306.6,2309.3
2025-04-07 07:08:13.362429,2307.6,2309.4
2025-04-07 07:08:14.692231,2306.6,2309.3
2025-04-07 07:08:16.260756,2306.6,2308.4
2025-04-07 07:08:16.758432,2307.6,2309.4
2025-04-07 07:08:18.088758,2307.6,2310.3
2025-04-07 07:08:18.779899,2307.6,2309.4
2025-04-07 07:08:18.999208,2307.6,2310.3
2025-04-07 07:08:19.657177,2308.6,2310.4
2025-04-07 07:08:27.200746,2306.6,2309.3
2025-04-07 07:08:27.634614,2306.6,2308.4
2025-04-07 07:08:30.532789,2306.6,2309.3
2025-04-07 07:08:31.212945,2307.6,2310.3
2025-04-07 07:08:32.681528,2307.6,2309.4
2025-04-07 07:08:34.427926,2306.6,2309.3
2025-04-07 07:08:34.751141,2306.6,2308.4
2025-04-07 07:08:35.008467,2305.6,2307.4
2025-04-07 07:08:35.379969,2304.6,2306.4
2025-04-07 07:08:35.582171,2302.6,2306.3
2025-04-07 07:08:36.077506,2303.6,2305.4
2025-04-07 07:08:36.316955,2303.6,2306.3
2025-04-07 07:08:36.903746,2305.6,2307.4
2025-04-07 07:08:39.224430,2305.6,2308.3
2025-04-07 07:08:40.348315,2306.6,2309.3
2025-04-07 07:08:41.952776,2307.6,2309.4
2025-04-07 07:08:42.775916,2306.6,2309.3
2025-04-07 07:08:44.081610,2305.6,2307.4
2025-04-07 07:08:44.315033,2304.6,2307.3
2025-04-07 07:08:45.048136,2305.6,2307.4
2025-04-07 07:08:45.810341,2304.6,2307.3
2025-04-07 07:08:47.083665,2305.6,2307.4
2025-04-07 07:08:47.708929,2305.6,2308.3
2025-04-07 07:08:48.828665,2306.6,2308.4
2025-04-07 07:08:49.547007,2304.6,2307.3
2025-04-07 07:08:50.078687,2305.6,2307.4
2025-04-07 07:08:51.497728,2305.6,2308.3
2025-04-07 07:08:52.147282,2306.6,2308.4
2025-04-07 07:08:52.667702,2305.6,2308.3
2025-04-07 07:08:55.754819,2306.6,2308.4
2025-04-07 07:08:58.628868,2306.6,2309.3
2025-04-07 07:08:59.044387,2307.6,2310.3
2025-04-07 07:09:02.554054,2306.6,2310.3
2025-04-07 07:09:04.450763,2305.6,2307.4
2025-04-07 07:09:04.896813,2304.6,2307.3
2025-04-07 07:09:05.734737,2304.6,2306.4
2025-04-07 07:09:08.866143,2303.6,2306.3
2025-04-07 07:09:09.689062,2304.6,2306.4
2025-04-07 07:09:10.326534,2303.6,2306.3
2025-04-07 07:09:11.170568,2303.6,2305.4
2025-04-07 07:09:14.888580,2303.6,2306.3
2025-04-07 07:09:15.585235,2304.6,2306.4
2025-04-07 07:09:16.420550,2303.6,2306.3
2025-04-07 07:09:16.970583,2297.6,2300.3
2025-04-07 07:09:17.588495,2298.6,2301.3
2025-04-07 07:09:18.428803,2299.6,2301.4
2025-04-07 07:09:19.232798,2297.6,2300.3
2025-04-07 07:09:20.948924,2298.6,2300.4
2025-04-07 07:09:22.459121,2299.6,2301.4
2025-04-07 07:09:24.579499,2299.6,2302.3
2025-04-07 07:09:25.310794,2300.6,2302.4
2025-04-07 07:09:26.593704,2300.6,2303.3
2025-04-07 07:09:27.351610,2301.6,2304.3
2025-04-07 07:09:29.430870,2301.6,2303.4
2025-04-07 07:09:30.880180,2300.6,2303.3
2025-04-07 07:09:33.442023,2301.6,2303.4
2025-04-07 07:09:33.966118,2302.6,2304.4
2025-04-07 07:09:34.733208,2303.6,2306.3
2025-04-07 07:09:35.392274,2304.6,2306.4
2025-04-07 07:09:35.878906,2303.6,2305.4
2025-04-07 07:09:37.030193,2303.6,2306.3
2025-04-07 07:09:38.894069,2304.6,2307.3
2025-04-07 07:09:39.654786,2305.6,2308.3
2025-04-07 07:09:41.144458,2305.6,2307.4
2025-04-07 07:09:41.832498,2306.6,2308.4
2025-04-07 07:09:44.231808,2306.6,2309.3
2025-04-07 07:09:45.728510,2306.6,2308.4
2025-04-07 07:09:47.277827,2307.6,2309.4
2025-04-07 07:09:51.468514,2306.6,2309.3
2025-04-07 07:09:52.596432,2307.6,2309.4
2025-04-07 07:09:53.530024,2306.6,2308.4
2025-04-07 07:09:56.999022,2305.6,2308.3
2025-04-07 07:09:57.755624,2306.6,2308.4
2025-04-07 07:09:59.083479,2307.6,2309.4
2025-04-07 07:09:59.586939,2308.6,2310.4
2025-04-07 07:10:02.511402,2307.6,2310.3
2025-04-07 07:10:02.976902,2306.6,2308.4
2025-04-07 07:10:05.378345,2306.6,2309.3
2025-04-07 07:10:06.130199,2307.6,2309.4
2025-04-07 07:10:08.423354,2306.6,2309.3
2025-04-07 07:10:10.114239,2307.6,2309.4
2025-04-07 07:10:15.031844,2307.6,2310.3
2025-04-07 07:10:17.984789,2308.6,2310.4
2025-04-07 07:10:18.845072,2307.6,2310.3
2025-04-07 07:10:19.699704,2308.6,2310.4
2025-04-07 07:10:20.495296,2308.6,2311.3
2025-04-07 07:10:21.193985,2309.6,2312.3
2025-04-07 07:10:22.409799,2310.6,2313.3
2025-04-07 07:10:22.642321,2312.6,2315.3
2025-04-07 07:10:23.272087,2312.6,2314.4
2025-04-07 07:10:23.741357,2309.6,2311.4
2025-04-07 07:10:24.195552,2310.6,2312.4
2025-04-07 07:10:25.494862,2310.6,2313.3
2025-04-07 07:10:25.959794,2311.6,2314.3
2025-04-07 07:10:26.640961,2312.6,2314.4
2025-04-07 07:10:27.133855,2310.6,2312.4
2025-04-07 07:10:27.942910,2310.6,2313.3
2025-04-07 07:10:28.642152,2311.6,2314.3
2025-04-07 07:10:29.193326,2312.6,2315.3
2025-04-07 07:10:29.432298,2313.6,2315.4
2025-04-07 07:10:30.558357,2312.6,2315.3
2025-04-07 07:10:30.981990,2313.6,2315.4
2025-04-07 07:10:31.149733,2313.6,2316.3
2025-04-07 07:10:31.453221,2314.6,2317.3
2025-04-07 07:10:32.045502,2313.6,2316.3
2025-04-07 07:10:32.400034,2314.6,2316.4
2025-04-07 07:10:32.884071,2314.6,2317.3
2025-04-07 07:10:33.242761,2315.6,2317.4
2025-04-07 07:10:34.039776,2312.6,2315.3
2025-04-07 07:10:35.394213,2314.6,2316.4
2025-04-07 07:10:35.949332,2313.6,2316.3
2025-04-07 07:10:36.697295,2316.6,2318.4
2025-04-07 07:10:39.478623,2316.6,2319.3
2025-04-07 07:10:39.838563,2315.6,2318.3
2025-04-07 07:10:40.625317,2316.6,2318.4
2025-04-07 07:10:43.984356,2315.6,2318.3
2025-04-07 07:10:45.056246,2314.6,2317.3
2025-04-07 07:10:45.899054,2313.6,2315.4
2025-04-07 07:10:46.494152,2314.6,2316.4
2025-04-07 07:10:46.848598,2313.6,2316.3
2025-04-07 07:10:47.282612,2313.6,2315.4
2025-04-07 07:10:47.707130,2312.6,2315.3
2025-04-07 07:10:47.793104,2313.6,2315.4
2025-04-07 07:10:50.533386,2313.6,2316.3
2025-04-07 07:10:51.284558,2315.6,2317.4
2025-04-07 07:10:51.927277,2313.6,2316.3
2025-04-07 07:10:52.986185,2312.6,2314.4
2025-04-07 07:10:53.660382,2311.6,2314.3
2025-04-07 07:10:54.015467,2310.6,2313.3
2025-04-07 07:10:55.653215,2310.6,2312.4
2025-04-07 07:10:56.053847,2311.6,2313.4
2025-04-07 07:10:56.795804,2311.6,2314.3
2025-04-07 07:10:57.433620,2312.6,2314.4
2025-04-07 07:10:58.369733,2311.6,2314.3
2025-04-07 07:10:59.313909,2312.6,2314.4
2025-04-07 07:10:59.659830,2313.6,2315.4
2025-04-07 07:11:00.500466,2313.6,2316.3
2025-04-07 07:11:00.848715,2314.6,2316.4
2025-04-07 07:11:01.635444,2315.6,2317.4
2025-04-07 07:11:02.580275,2315.6,2318.3
2025-04-07 07:11:03.431643,2316.6,2319.3
2025-04-07 07:11:04.272091,2316.6,2318.4
2025-04-07 07:11:05.451949,2315.6,2318.3
2025-04-07 07:11:06.630464,2316.6,2318.4
2025-04-07 07:11:06.940387,2315.6,2317.4
2025-04-07 07:11:07.268909,2316.6,2318.4
2025-04-07 07:11:08.378236,2315.6,2317.4
2025-04-07 07:11:10.885194,2315.6,2318.3
2025-04-07 07:11:12.331973,2316.6,2318.4
2025-04-07 07:11:13.029161,2316.6,2319.3
2025-04-07 07:11:14.527773,2316.6,2318.4
2025-04-07 07:11:15.427835,2316.6,2319.3
2025-04-07 07:11:16.041079,2317.6,2320.3
2025-04-07 07:11:17.393128,2318.6,2320.4
2025-04-07 07:11:17.981713,2318.6,2321.3
2025-04-07 07:11:19.207230,2319.6,2322.3
2025-04-07 07:11:19.533258,2321.6,2324.3
2025-04-07 07:11:20.026863,2322.6,2325.3
2025-04-07 07:11:20.563167,2324.6,2327.3
2025-04-07 07:11:21.003900,2325.6,2328.3
2025-04-07 07:11:21.281047,2326.6,2329.3
2025-04-07 07:11:22.060538,2325.6,2327.4
2025-04-07 07:11:22.857626,2324.6,2327.3
2025-04-07 07:11:23.376678,2323.6,2325.4
2025-04-07 07:11:23.729439,2322.6,2325.3
2025-04-07 07:11:24.958919,2322.6,2324.4
2025-04-07 07:11:25.756839,2322.6,2325.3
2025-04-07 07:11:26.938140,2321.6,2324.3
2025-04-07 07:11:27.453782,2320.6,2323.3
2025-04-07 07:11:28.163558,2321.6,2323.4
2025-04-07 07:11:28.579239,2321.6,2324.3
2025-04-07 07:11:29.295088,2322.6,2324.4
2025-04-07 07:11:29.431487,2323.6,2326.3
2025-04-07 07:11:30.128427,2323.6,2325.4
2025-04-07 07:11:30.580378,2322.6,2325.3
2025-04-07 07:11:30.933951,2321.6,2324.3
2025-04-07 07:11:31.931071,2323.6,2325.4
2025-04-07 07:11:32.584823,2323.6,2326.3
2025-04-07 07:11:33.493110,2324.6,2326.4
2025-04-07 07:11:34.746621,2324.6,2327.3
2025-04-07 07:11:35.394738,2326.6,2328.4
2025-04-07 07:11:35.863487,2326.6,2330.3
2025-04-07 07:11:36.209888,2327.6,2330.3
2025-04-07 07:11:36.527878,2329.6,2331.4
2025-04-07 07:11:36.901544,2327.6,2330.3
2025-04-07 07:11:37.253056,2328.6,2330.4
2025-04-07 07:11:37.835111,2329.6,2331.4
2025-04-07 07:11:37.903824,2328.6,2331.3
2025-04-07 07:11:38.541270,2327.6,2329.4
2025-04-07 07:11:38.694640,2326.6,2328.4
2025-04-07 07:11:39.705773,2327.6,2330.3
2025-04-07 07:11:40.201995,2327.6,2329.4
2025-04-07 07:11:40.782948,2328.6,2331.3
2025-04-07 07:11:41.938304,2329.6,2331.4
2025-04-07 07:11:42.688295,2329.6,2332.3
2025-04-07 07:11:43.645010,2329.6,2331.4
2025-04-07 07:11:44.550254,2328.6,2331.3
2025-04-07 07:11:45.632253,2328.6,2330.4
2025-04-07 07:11:46.377607,2329.6,2331.4
2025-04-07 07:11:46.649018,2329.6,2332.3
2025-04-07 07:11:47.159887,2330.6,2332.4
2025-04-07 07:11:48.354072,2329.6,2331.4
2025-04-07 07:11:49.099422,2327.6,2331.3
2025-04-07 07:11:49.564620,2331.6,2333.4
2025-04-07 07:11:50.060210,2333.6,2336.3
2025-04-07 07:11:50.849148,2335.6,2338.3
2025-04-07 07:11:51.907207,2335.6,2337.4
2025-04-07 07:11:52.335172,2334.6,2337.3
2025-04-07 07:11:53.630074,2333.6,2335.4
2025-04-07 07:11:53.934898,2331.6,2335.3
2025-04-07 07:11:54.547384,2331.6,2334.3
2025-04-07 07:11:55.129384,2331.6,2336.3
2025-04-07 07:11:55.374477,2331.6,2334.3
2025-04-07 07:11:56.409234,2331.6,2335.3
2025-04-07 07:11:56.949688,2332.6,2335.3
2025-04-07 07:11:57.377528,2334.6,2336.4
2025-04-07 07:11:58.060117,2334.6,2337.3
2025-04-07 07:11:58.541752,2333.6,2337.3
2025-04-07 07:11:59.104831,2334.6,2337.3
2025-04-07 07:11:59.910712,2334.6,2336.4
2025-04-07 07:12:00.271578,2333.6,2336.3
2025-04-07 07:12:00.761567,2331.6,2335.3
2025-04-07 07:12:01.190789,2333.6,2335.4
2025-04-07 07:12:01.255617,2334.6,2336.4
2025-04-07 07:12:01.611018,2335.6,2337.4
2025-04-07 07:12:03.113579,2335.6,2338.3
2025-04-07 07:12:04.833704,2337.6,2340.3
2025-04-07 07:12:05.209414,2338.6,2340.4
2025-04-07 07:12:05.744939,2338.6,2341.3
2025-04-07 07:12:06.782038,2340.6,2342.4
2025-04-07 07:12:06.971871,2337.6,2340.3
2025-04-07 07:12:08.692003,2337.6,2339.4
2025-04-07 07:12:09.036006,2335.6,2339.3
2025-04-07 07:12:10.006640,2335.6,2340.3
2025-04-07 07:12:10.258205,2338.6,2341.3
2025-04-07 07:12:10.544505,2339.6,2341.4
2025-04-07 07:12:10.861139,2339.6,2343.3
2025-04-07 07:12:11.209226,2340.6,2343.3
2025-04-07 07:12:11.622612,2341.6,2343.4
2025-04-07 07:12:12.463818,2340.6,2343.3
2025-04-07 07:12:12.895044,2339.6,2341.4
2025-04-07 07:12:14.710875,2342.6,2345.3
2025-04-07 07:12:16.039663,2342.6,2346.3
2025-04-07 07:12:16.259153,2343.6,2348.3
2025-04-07 07:12:16.902164,2343.6,2346.3
2025-04-07 07:12:18.500794,2343.6,2345.4
2025-04-07 07:12:19.280508,2339.6,2341.4
2025-04-07 07:12:20.144847,2339.6,2342.3
2025-04-07 07:12:20.715534,2341.6,2344.3
2025-04-07 07:12:21.328406,2342.6,2344.4
2025-04-07 07:12:22.345678,2343.6,2346.3
2025-04-07 07:12:22.750934,2343.6,2345.4
2025-04-07 07:12:23.270932,2339.6,2343.3
2025-04-07 07:12:24.190963,2340.6,2343.3
2025-04-07 07:12:24.496164,2342.6,2344.4
2025-04-07 07:12:25.647179,2342.6,2345.3
2025-04-07 07:12:26.566197,2338.6,2341.3
2025-04-07 07:12:27.141469,2336.6,2339.3
2025-04-07 07:12:27.952575,2335.6,2338.3
2025-04-07 07:12:28.545687,2336.6,2339.3
2025-04-07 07:12:29.386978,2336.6,2340.3
2025-04-07 07:12:30.644538,2335.6,2341.3
2025-04-07 07:12:30.873919,2335.6,2342.3
2025-04-07 07:12:32.762959,2339.6,2341.4
2025-04-07 07:12:33.046171,2339.6,2342.3
2025-04-07 07:12:34.083742,2340.6,2342.4
2025-04-07 07:12:34.645942,2340.6,2344.3
2025-04-07 07:12:36.131717,2340.6,2343.3
2025-04-07 07:12:37.302103,2340.6,2342.4
2025-04-07 07:12:37.559176,2338.6,2341.3
2025-04-07 07:12:37.810295,2336.6,2338.4
2025-04-07 07:12:38.175452,2338.6,2341.3
2025-04-07 07:12:38.778048,2339.6,2342.3
2025-04-07 07:12:39.547304,2340.6,2342.4
2025-04-07 07:12:40.346486,2340.6,2344.3
2025-04-07 07:12:41.828274,2338.6,2343.3
2025-04-07 07:12:42.744016,2338.6,2342.3
2025-04-07 07:12:43.392038,2338.6,2340.4
2025-04-07 07:12:43.830848,2336.6,2339.3
2025-04-07 07:12:44.583613,2335.6,2339.3
2025-04-07 07:12:47.308743,2336.6,2338.4
2025-04-07 07:12:47.796604,2334.6,2336.4
2025-04-07 07:12:48.675968,2335.6,2338.3
2025-04-07 07:12:51.731607,2335.6,2339.3
2025-04-07 07:12:52.392912,2335.6,2340.3
2025-04-07 07:12:54.329262,2337.6,2341.3
2025-04-07 07:12:57.331402,2337.6,2340.3
2025-04-07 07:12:57.741822,2337.6,2341.3
2025-04-07 07:13:01.264224,2338.6,2341.3
2025-04-07 07:13:01.614542,2340.6,2342.4
2025-04-07 07:13:01.932311,2340.6,2343.3
2025-04-07 07:13:03.014915,2343.6,2345.4
2025-04-07 07:13:09.045812,2342.6,2344.4
2025-04-07 07:13:10.195169,2341.6,2344.3
2025-04-07 07:13:10.900113,2340.6,2344.3
2025-04-07 07:13:12.556439,2341.6,2344.3
2025-04-07 07:13:13.808137,2340.6,2342.4
2025-04-07 07:13:16.975908,2339.6,2341.4
2025-04-07 07:13:17.907153,2337.6,2339.4
2025-04-07 07:13:21.912699,2335.6,2340.3
2025-04-07 07:13:26.234069,2335.6,2339.3
2025-04-07 07:13:27.205391,2335.6,2338.3
2025-04-07 07:13:29.513986,2335.6,2337.4
2025-04-07 07:13:30.465722,2335.6,2338.3
2025-04-07 07:13:32.391637,2335.6,2337.4
2025-04-07 07:13:32.727492,2334.6,2336.4
2025-04-07 07:13:33.392915,2333.6,2336.3
2025-04-07 07:13:34.130231,2332.6,2338.3
2025-04-07 07:13:34.862848,2333.6,2338.3
2025-04-07 07:13:35.172207,2334.6,2338.3
2025-04-07 07:13:35.727735,2335.6,2338.3
2025-04-07 07:13:37.897975,2334.6,2338.3
2025-04-07 07:13:38.331937,2335.6,2338.3
2025-04-07 07:13:47.893920,2336.6,2339.3
2025-04-07 07:13:48.702793,2336.6,2340.3
2025-04-07 07:13:50.182953,2334.6,2336.4
2025-04-07 07:13:51.261410,2333.6,2336.3
2025-04-07 07:13:51.856193,2332.6,2335.3
2025-04-07 07:13:52.242853,2330.6,2334.3
2025-04-07 07:13:52.724088,2329.6,2332.3
2025-04-07 07:13:57.614250,2330.6,2334.3
2025-04-07 07:13:58.085637,2331.6,2333.4
2025-04-07 07:13:58.570227,2331.6,2335.3
2025-04-07 07:14:00.396815,2331.6,2336.3
2025-04-07 07:14:01.708106,2331.6,2335.3
2025-04-07 07:14:03.580721,2331.6,2334.3
2025-04-07 07:14:04.844316,2330.6,2333.3
2025-04-07 07:14:08.264463,2330.6,2334.3
2025-04-07 07:14:08.484133,2330.6,2332.4
2025-04-07 07:14:09.372001,2331.6,2335.3
2025-04-07 07:14:09.830129,2333.6,2335.4
2025-04-07 07:14:10.143537,2333.6,2337.3
2025-04-07 07:14:10.939092,2332.6,2337.3
2025-04-07 07:14:11.282556,2331.6,2336.3
2025-04-07 07:14:13.600708,2332.6,2336.3
2025-04-07 07:14:15.875768,2332.6,2335.3
2025-04-07 07:14:16.778323,2330.6,2334.3
2025-04-07 07:14:18.255011,2330.6,2332.4
2025-04-07 07:14:19.558917,2330.6,2333.3
2025-04-07 07:14:21.493431,2331.6,2333.4
2025-04-07 07:14:22.177177,2333.6,2337.3
2025-04-07 07:14:23.377018,2333.6,2336.3
2025-04-07 07:14:24.857565,2333.6,2335.4
2025-04-07 07:14:26.206178,2333.6,2336.3
2025-04-07 07:14:27.391788,2334.6,2336.4
2025-04-07 07:14:28.587117,2335.6,2337.4
2025-04-07 07:14:30.182044,2335.6,2338.3
2025-04-07 07:14:33.686802,2335.6,2337.4
2025-04-07 07:14:33.975820,2334.6,2337.3
2025-04-07 07:14:40.349300,2333.6,2335.4
2025-04-07 07:14:40.869633,2331.6,2334.3
2025-04-07 07:14:40.939996,2331.6,2333.4
2025-04-07 07:14:44.711199,2331.6,2334.3
2025-04-07 07:14:47.103600,2332.6,2334.4
2025-04-07 07:14:47.444983,2333.6,2335.4
2025-04-07 07:14:47.683045,2334.6,2336.4
2025-04-07 07:14:47.742809,2334.6,2337.3
2025-04-07 07:14:48.110061,2334.6,2336.4
2025-04-07 07:14:52.309358,2335.6,2337.4
2025-04-07 07:14:52.758007,2334.6,2336.4
2025-04-07 07:14:55.301002,2332.6,2336.3
2025-04-07 07:14:58.607439,2332.6,2334.4
2025-04-07 07:14:59.549504,2332.6,2336.3
2025-04-07 07:15:01.063026,2335.6,2337.4
2025-04-07 07:15:01.579729,2337.6,2340.3
2025-04-07 07:15:04.314919,2338.6,2340.4
2025-04-07 07:15:04.880455,2338.6,2341.3
2025-04-07 07:15:05.610259,2339.6,2341.4
2025-04-07 07:15:05.833777,2332.6,2338.3
2025-04-07 07:15:06.863909,2333.6,2337.3
2025-04-07 07:15:11.632295,2335.6,2337.4
2025-04-07 07:15:12.145839,2333.6,2336.3
2025-04-07 07:15:12.381802,2333.6,2335.4
2025-04-07 07:15:12.635156,2332.6,2334.4
2025-04-07 07:15:12.928588,2330.6,2333.3
2025-04-07 07:15:13.645211,2330.6,2332.4
2025-04-07 07:15:14.347707,2326.6,2330.3
2025-04-07 07:15:14.893712,2322.6,2326.3
2025-04-07 07:15:15.432949,2322.6,2324.4
2025-04-07 07:15:17.227731,2322.6,2325.3
2025-04-07 07:15:17.933957,2327.6,2330.3
2025-04-07 07:15:19.577007,2328.6,2330.4
2025-04-07 07:15:21.200914,2329.6,2332.3
2025-04-07 07:15:22.446469,2329.6,2333.3
2025-04-07 07:15:24.776581,2329.6,2332.3
2025-04-07 07:15:25.303740,2329.6,2331.4
2025-04-07 07:15:28.860732,2331.6,2334.3
2025-04-07 07:15:29.662744,2332.6,2336.3
2025-04-07 07:15:29.871673,2332.6,2334.4
2025-04-07 07:15:30.935162,2332.6,2335.3
2025-04-07 07:15:34.401595,2331.6,2335.3
2025-04-07 07:15:35.356020,2331.6,2334.3
2025-04-07 07:15:36.134433,2330.6,2334.3
2025-04-07 07:15:37.428556,2330.6,2332.4
2025-04-07 07:15:37.802119,2327.6,2331.3
2025-04-07 07:15:39.140393,2324.6,2326.4
2025-04-07 07:15:40.673169,2326.6,2328.4
2025-04-07 07:15:44.532273,2324.6,2329.3
2025-04-07 07:15:45.676516,2326.6,2329.3
2025-04-07 07:15:53.908130,2327.6,2332.3
2025-04-07 07:15:54.559846,2327.6,2333.3
2025-04-07 07:15:55.633831,2327.6,2331.3
2025-04-07 07:15:56.584276,2327.6,2329.4
2025-04-07 07:15:58.495790,2327.6,2331.3
2025-04-07 07:16:00.978333,2327.6,2330.3
2025-04-07 07:16:01.650834,2326.6,2329.3
2025-04-07 07:16:04.505657,2325.6,2329.3
2025-04-07 07:16:05.278289,2324.6,2328.3
2025-04-07 07:16:05.584196,2325.6,2327.4
2025-04-07 07:16:06.969436,2324.6,2327.3
2025-04-07 07:16:07.146789,2323.6,2327.3
2025-04-07 07:16:07.910661,2318.6,2322.3
2025-04-07 07:16:08.626978,2317.6,2321.3
2025-04-07 07:16:13.651392,2318.6,2321.3
2025-04-07 07:16:16.330744,2319.6,2323.3
2025-04-07 07:16:20.154845,2318.6,2323.3
2025-04-07 07:16:32.353118,2320.6,2323.3
2025-04-07 07:16:34.140157,2321.6,2323.4
2025-04-07 07:16:34.905485,2323.6,2325.4
2025-04-07 07:16:35.328413,2324.6,2326.4
2025-04-07 07:16:38.855003,2324.6,2328.3
2025-04-07 07:16:46.336203,2324.6,2327.3
2025-04-07 07:16:46.835223,2326.6,2330.3
2025-04-07 07:16:47.875831,2327.6,2330.3
2025-04-07 07:16:48.934338,2328.6,2332.3
2025-04-07 07:16:53.170671,2328.6,2331.3
2025-04-07 07:16:54.292701,2329.6,2331.4
2025-04-07 07:16:54.626648,2329.6,2332.3
2025-04-07 07:16:55.689341,2331.6,2334.3
2025-04-07 07:16:58.197107,2332.6,2334.4
2025-04-07 07:16:59.131559,2328.6,2330.4
2025-04-07 07:16:59.589877,2326.6,2330.3
2025-04-07 07:16:59.768415,2326.6,2328.4
2025-04-07 07:17:01.293340,2325.6,2327.4
2025-04-07 07:17:02.544258,2324.6,2326.4
2025-04-07 07:17:02.852152,2323.6,2326.3
2025-04-07 07:17:04.031050,2323.6,2325.4
2025-04-07 07:17:05.247128,2323.6,2326.3
2025-04-07 07:17:06.594816,2324.6,2327.3
2025-04-07 07:17:07.771992,2324.6,2326.4
2025-04-07 07:17:08.835678,2322.6,2325.3
2025-04-07 07:17:10.125116,2322.6,2324.4
2025-04-07 07:17:11.355901,2323.6,2326.3
2025-04-07 07:17:14.355460,2324.6,2326.4
2025-04-07 07:17:15.613560,2325.6,2328.3
2025-04-07 07:17:16.265040,2325.6,2327.4
2025-04-07 07:17:17.846165,2324.6,2327.3
2025-04-07 07:17:19.262288,2323.6,2326.3
2025-04-07 07:17:19.474400,2323.6,2325.4
2025-04-07 07:17:20.678643,2324.6,2326.4
2025-04-07 07:17:24.526440,2323.6,2325.4
2025-04-07 07:17:25.565168,2324.6,2326.4
2025-04-07 07:17:27.162076,2326.6,2328.4
2025-04-07 07:17:30.607775,2326.6,2329.3
2025-04-07 07:17:31.482131,2326.6,2328.4
2025-04-07 07:17:32.164353,2325.6,2328.3
2025-04-07 07:17:33.062523,2325.6,2327.4
2025-04-07 07:17:35.652587,2325.6,2328.3
2025-04-07 07:17:36.743016,2325.6,2327.4
2025-04-07 07:17:37.939507,2324.6,2326.4
2025-04-07 07:17:38.343705,2325.6,2327.4
2025-04-07 07:17:38.829914,2326.6,2328.4
2025-04-07 07:17:39.769151,2326.6,2329.3
2025-04-07 07:17:41.394833,2327.6,2330.3
2025-04-07 07:17:43.701628,2327.6,2329.4
2025-04-07 07:17:45.408218,2328.6,2330.4
2025-04-07 07:17:46.095952,2327.6,2329.4
2025-04-07 07:17:46.676474,2328.6,2331.3
2025-04-07 07:17:48.111550,2329.6,2332.3
2025-04-07 07:17:49.434649,2329.6,2331.4
2025-04-07 07:17:51.042144,2328.6,2331.3
2025-04-07 07:17:51.659354,2327.6,2329.4
2025-04-07 07:17:54.234935,2326.6,2329.3
2025-04-07 07:17:55.361385,2325.6,2328.3
2025-04-07 07:17:55.983133,2325.6,2327.4
2025-04-07 07:17:56.801683,2324.6,2327.3
2025-04-07 07:17:58.395336,2324.6,2326.4
2025-04-07 07:17:59.196543,2323.6,2325.4
2025-04-07 07:18:00.041713,2322.6,2325.3
2025-04-07 07:18:00.961516,2323.6,2326.3
2025-04-07 07:18:01.632892,2323.6,2325.4
2025-04-07 07:18:02.062346,2325.6,2328.3
2025-04-07 07:18:02.664102,2326.6,2328.4
2025-04-07 07:18:03.340065,2326.6,2329.3
2025-04-07 07:18:04.224174,2325.6,2328.3
2025-04-07 07:18:04.675339,2326.6,2328.4
2025-04-07 07:18:05.248597,2326.6,2329.3
2025-04-07 07:18:05.877531,2328.6,2330.4
2025-04-07 07:18:06.579581,2327.6,2329.4
2025-04-07 07:18:08.147284,2327.6,2330.3
2025-04-07 07:18:09.225056,2328.6,2331.3
2025-04-07 07:18:10.641624,2330.6,2332.4
2025-04-07 07:18:11.628990,2329.6,2332.3
2025-04-07 07:18:12.126117,2329.6,2331.4
2025-04-07 07:18:14.926857,2328.6,2330.4
2025-04-07 07:18:15.371768,2329.6,2331.4
2025-04-07 07:18:16.148846,2328.6,2331.3
2025-04-07 07:18:16.602051,2329.6,2331.4
2025-04-07 07:18:16.859313,2329.6,2332.3
2025-04-07 07:18:17.081109,2329.6,2331.4
2025-04-07 07:18:18.082887,2330.6,2333.3
2025-04-07 07:18:18.855235,2330.6,2332.4
2025-04-07 07:18:19.399490,2329.6,2332.3
2025-04-07 07:18:21.298381,2328.6,2331.3
2025-04-07 07:18:22.100993,2327.6,2330.3
2025-04-07 07:18:22.626888,2326.6,2328.4
2025-04-07 07:18:25.844371,2327.6,2329.4
2025-04-07 07:18:26.110088,2328.6,2331.3
2025-04-07 07:18:26.375596,2329.6,2331.4
2025-04-07 07:18:26.860488,2327.6,2330.3
2025-04-07 07:18:27.878342,2328.6,2331.3
2025-04-07 07:18:28.195089,2329.6,2331.4
2025-04-07 07:18:28.916869,2328.6,2331.3
2025-04-07 07:18:29.341736,2329.6,2331.4
2025-04-07 07:18:30.966134,2330.6,2333.3
2025-04-07 07:18:31.925632,2331.6,2333.4
2025-04-07 07:18:33.156732,2330.6,2333.3
2025-04-07 07:18:33.950546,2329.6,2332.3
2025-04-07 07:18:34.956278,2331.6,2333.4
2025-04-07 07:18:36.324590,2331.6,2334.3
2025-04-07 07:18:37.339433,2332.6,2335.3
2025-04-07 07:18:39.233390,2333.6,2335.4
2025-04-07 07:18:39.775112,2333.6,2336.3
2025-04-07 07:18:41.354085,2334.6,2336.4
2025-04-07 07:18:42.007041,2336.6,2338.4
2025-04-07 07:18:42.695155,2334.6,2337.3
2025-04-07 07:18:43.263655,2335.6,2337.4
2025-04-07 07:18:44.648102,2334.6,2336.4
2025-04-07 07:18:48.850643,2333.6,2336.3
2025-04-07 07:18:50.356548,2333.6,2335.4
2025-04-07 07:18:51.290400,2332.6,2335.3
2025-04-07 07:18:51.673679,2332.6,2334.4
2025-04-07 07:18:52.066537,2333.6,2335.4
2025-04-07 07:18:54.112993,2332.6,2334.4
2025-04-07 07:18:56.162745,2333.6,2335.4
2025-04-07 07:18:56.990302,2333.6,2336.3
2025-04-07 07:18:58.191828,2334.6,2336.4
2025-04-07 07:18:59.352428,2333.6,2336.3
2025-04-07 07:19:00.433526,2333.6,2335.4
2025-04-07 07:19:01.916032,2333.6,2336.3
2025-04-07 07:19:03.835394,2333.6,2335.4
2025-04-07 07:19:04.847123,2333.6,2336.3
2025-04-07 07:19:06.380783,2334.6,2336.4
2025-04-07 07:19:07.177692,2333.6,2335.4
2025-04-07 07:19:07.531211,2333.6,2336.3
2025-04-07 07:19:08.279858,2333.6,2335.4
2025-04-07 07:19:09.267382,2333.6,2336.3
2025-04-07 07:19:09.853138,2334.6,2336.4
2025-04-07 07:19:10.331455,2335.6,2337.4
2025-04-07 07:19:10.399165,2335.6,2338.3
2025-04-07 07:19:14.861712,2337.6,2339.4
2025-04-07 07:19:15.468009,2337.6,2340.3
2025-04-07 07:19:16.422519,2336.6,2339.3
2025-04-07 07:19:17.307220,2336.6,2340.3
2025-04-07 07:19:18.252493,2336.6,2339.3
2025-04-07 07:19:18.894994,2336.6,2338.4
2025-04-07 07:19:24.638216,2338.6,2341.3
2025-04-07 07:19:28.213666,2339.6,2341.4
2025-04-07 07:19:31.733311,2338.6,2341.3
2025-04-07 07:19:33.123498,2339.6,2341.4
2025-04-07 07:19:34.657896,2337.6,2339.4
2025-04-07 07:19:35.377072,2337.6,2340.3
2025-04-07 07:19:39.694926,2336.6,2338.4
2025-04-07 07:19:40.743304,2335.6,2337.4
2025-04-07 07:19:42.164199,2333.6,2335.4
2025-04-07 07:19:47.832784,2332.6,2335.3
2025-04-07 07:19:49.081407,2333.6,2335.4
2025-04-07 07:19:49.655746,2332.6,2335.3
2025-04-07 07:19:50.989695,2331.6,2334.3
2025-04-07 07:19:53.310006,2332.6,2334.4
2025-04-07 07:19:53.651612,2331.6,2334.3
2025-04-07 07:19:54.646979,2332.6,2334.4
2025-04-07 07:19:56.429785,2333.6,2335.4
2025-04-07 07:19:57.160201,2334.6,2336.4
2025-04-07 07:19:58.425016,2336.6,2338.4
2025-04-07 07:19:58.531414,2336.6,2339.3
2025-04-07 07:19:59.540860,2337.6,2339.4
2025-04-07 07:19:59.831515,2338.6,2340.4
2025-04-07 07:20:00.288815,2336.6,2340.3
2025-04-07 07:20:01.071999,2336.6,2339.3
2025-04-07 07:20:02.678197,2335.6,2337.4
2025-04-07 07:20:04.830156,2334.6,2337.3
2025-04-07 07:20:06.364564,2334.6,2338.3
2025-04-07 07:20:07.832181,2335.6,2338.3
2025-04-07 07:20:08.545257,2336.6,2338.4
2025-04-07 07:20:09.408899,2337.6,2339.4
2025-04-07 07:20:10.709151,2336.6,2338.4
2025-04-07 07:20:11.154563,2336.6,2339.3
2025-04-07 07:20:12.500401,2337.6,2339.4
2025-04-07 07:20:12.761414,2336.6,2339.3
2025-04-07 07:20:13.606073,2334.6,2336.4
2025-04-07 07:20:14.435007,2333.6,2336.3
2025-04-07 07:20:14.948848,2332.6,2335.3
2025-04-07 07:20:16.715513,2333.6,2336.3
2025-04-07 07:20:17.729807,2334.6,2337.3
2025-04-07 07:20:19.041951,2334.6,2336.4
2025-04-07 07:20:20.137686,2334.6,2337.3
2025-04-07 07:20:21.390529,2336.6,2338.4
2025-04-07 07:20:21.843485,2335.6,2338.3
2025-04-07 07:20:22.558519,2333.6,2336.3
2025-04-07 07:20:23.332687,2334.6,2336.4
2025-04-07 07:20:32.727332,2333.6,2335.4
2025-04-07 07:20:33.589935,2331.6,2334.3
2025-04-07 07:20:34.996872,2330.6,2332.4
2025-04-07 07:20:35.763786,2329.6,2332.3
2025-04-07 07:20:37.575731,2329.6,2331.4
2025-04-07 07:20:39.229641,2329.6,2332.3
2025-04-07 07:20:40.778740,2330.6,2332.4
2025-04-07 07:20:41.892199,2331.6,2333.4
2025-04-07 07:20:43.326559,2331.6,2334.3
2025-04-07 07:20:44.839405,2332.6,2335.3
2025-04-07 07:20:45.231999,2332.6,2334.4
2025-04-07 07:20:46.061436,2331.6,2334.3
2025-04-07 07:20:46.555422,2332.6,2334.4
2025-04-07 07:20:47.425503,2332.6,2335.3
2025-04-07 07:20:47.865028,2333.6,2336.3
2025-04-07 07:20:48.804228,2333.6,2335.4
2025-04-07 07:20:49.380433,2333.6,2336.3
2025-04-07 07:20:50.115585,2333.6,2335.4
2025-04-07 07:20:51.370500,2333.6,2336.3
2025-04-07 07:20:51.732082,2334.6,2336.4
2025-04-07 07:20:53.322315,2333.6,2336.3
2025-04-07 07:20:54.110159,2333.6,2335.4
2025-04-07 07:20:57.152010,2332.6,2335.3
2025-04-07 07:20:57.735824,2333.6,2335.4
2025-04-07 07:20:58.415099,2332.6,2334.4
2025-04-07 07:20:59.469643,2332.6,2335.3
2025-04-07 07:21:01.576281,2332.6,2334.4
2025-04-07 07:21:02.608183,2332.6,2335.3
2025-04-07 07:21:03.361796,2333.6,2335.4
2025-04-07 07:21:04.897746,2332.6,2335.3
2025-04-07 07:21:05.543551,2333.6,2335.4
2025-04-07 07:21:06.530918,2332.6,2335.3
2025-04-07 07:21:07.278774,2333.6,2335.4
2025-04-07 07:21:09.760956,2332.6,2335.3
2025-04-07 07:21:12.708304,2333.6,2336.3
2025-04-07 07:21:13.580795,2334.6,2336.4
2025-04-07 07:21:14.356940,2334.6,2337.3
2025-04-07 07:21:15.121896,2335.6,2337.4
2025-04-07 07:21:18.728789,2335.6,2338.3
2025-04-07 07:21:19.989023,2334.6,2336.4
2025-04-07 07:21:20.612942,2332.6,2335.3
2025-04-07 07:21:21.608879,2332.6,2334.4
2025-04-07 07:21:22.359812,2333.6,2335.4
2025-04-07 07:21:24.284169,2332.6,2335.3
2025-04-07 07:21:25.087088,2330.6,2333.3
2025-04-07 07:21:26.178044,2329.6,2332.3
2025-04-07 07:21:28.613469,2328.6,2331.3
2025-04-07 07:21:29.955314,2328.6,2330.4
2025-04-07 07:21:30.825554,2330.6,2333.3
2025-04-07 07:21:31.425981,2331.6,2333.4
2025-04-07 07:21:33.567352,2330.6,2333.3
2025-04-07 07:21:34.535912,2329.6,2332.3
2025-04-07 07:21:35.035055,2330.6,2332.4
2025-04-07 07:21:36.758201,2330.6,2333.3
2025-04-07 07:21:37.152069,2331.6,2333.4
2025-04-07 07:21:37.447908,2331.6,2334.3
2025-04-07 07:21:37.941829,2333.6,2335.4
2025-04-07 07:21:39.276072,2332.6,2335.3
2025-04-07 07:21:40.192417,2335.6,2338.3
2025-04-07 07:21:48.252585,2335.6,2337.4
2025-04-07 07:21:49.874166,2336.6,2338.4
2025-04-07 07:21:52.095504,2337.6,2339.4
2025-04-07 07:21:53.146036,2336.6,2339.3
2025-04-07 07:21:59.937271,2338.6,2340.4
2025-04-07 07:22:04.459898,2337.6,2340.3
2025-04-07 07:22:06.265788,2338.6,2340.4
2025-04-07 07:22:08.532109,2337.6,2340.3
2025-04-07 07:22:12.489699,2336.6,2339.3
2025-04-07 07:22:13.546910,2334.6,2337.3
2025-04-07 07:22:14.086481,2333.6,2336.3
2025-04-07 07:22:14.567881,2334.6,2336.4
2025-04-07 07:22:16.503198,2334.6,2337.3
2025-04-07 07:22:18.481667,2335.6,2337.4
2025-04-07 07:22:18.840405,2333.6,2337.3
2025-04-07 07:22:19.562947,2334.6,2337.3
2025-04-07 07:22:20.141309,2334.6,2336.4
2025-04-07 07:22:22.643075,2332.6,2335.3
2025-04-07 07:22:24.083058,2331.6,2334.3
2025-04-07 07:22:24.733819,2330.6,2333.3
2025-04-07 07:22:25.719613,2329.6,2331.4
2025-04-07 07:22:26.911838,2329.6,2332.3
2025-04-07 07:22:29.451513,2328.6,2331.3
2025-04-07 07:22:31.890067,2326.6,2329.3
2025-04-07 07:22:33.355910,2327.6,2329.4
2025-04-07 07:22:34.014748,2327.6,2330.3
2025-04-07 07:22:34.325211,2328.6,2331.3
2025-04-07 07:22:34.950164,2326.6,2330.3
2025-04-07 07:22:35.711335,2327.6,2329.4
2025-04-07 07:22:37.448401,2327.6,2330.3
2025-04-07 07:22:38.350276,2327.6,2329.4
2025-04-07 07:22:38.708531,2328.6,2330.4
2025-04-07 07:22:42.521392,2328.6,2331.3
2025-04-07 07:22:44.348061,2329.6,2333.3
2025-04-07 07:22:45.327171,2332.6,2335.3
2025-04-07 07:22:46.321783,2333.6,2336.3
2025-04-07 07:22:49.155729,2333.6,2335.4
2025-04-07 07:22:50.290401,2333.6,2336.3
2025-04-07 07:22:53.849116,2334.6,2337.3
2025-04-07 07:22:54.925744,2335.6,2338.3
2025-04-07 07:22:55.230616,2335.6,2337.4
2025-04-07 07:22:56.606699,2336.6,2339.3
2025-04-07 07:22:57.080297,2335.6,2338.3
2025-04-07 07:22:57.777785,2336.6,2338.4
2025-04-07 07:23:00.628803,2337.6,2339.4
2025-04-07 07:23:01.499279,2336.6,2339.3
2025-04-07 07:23:03.332733,2337.6,2339.4
2025-04-07 07:23:04.963902,2336.6,2339.3
2025-04-07 07:23:05.927242,2335.6,2337.4
2025-04-07 07:23:08.705414,2336.6,2338.4
2025-04-07 07:23:09.258087,2335.6,2337.4
2025-04-07 07:23:10.135061,2335.6,2338.3
2025-04-07 07:23:10.454446,2332.6,2334.4
2025-04-07 07:23:11.198570,2333.6,2335.4
2025-04-07 07:23:14.780055,2332.6,2335.3
2025-04-07 07:23:24.564648,2332.6,2334.4
2025-04-07 07:23:28.306117,2331.6,2334.3
2025-04-07 07:23:28.631463,2332.6,2334.4
2025-04-07 07:23:29.200926,2331.6,2334.3
2025-04-07 07:23:31.625536,2330.6,2333.3
2025-04-07 07:23:32.210258,2331.6,2333.4
2025-04-07 07:23:33.050838,2329.6,2332.3
2025-04-07 07:23:33.533146,2328.6,2331.3
2025-04-07 07:23:34.748630,2327.6,2330.3
2025-04-07 07:23:35.571547,2326.6,2330.3
2025-04-07 07:23:35.743795,2325.6,2328.3
2025-04-07 07:23:35.998099,2325.6,2327.4
2025-04-07 07:23:40.628543,2326.6,2328.4
2025-04-07 07:23:41.206247,2325.6,2327.4
2025-04-07 07:23:43.235274,2326.6,2328.4
2025-04-07 07:23:44.872076,2324.6,2328.3
2025-04-07 07:23:47.940496,2326.6,2328.4
2025-04-07 07:23:48.443184,2325.6,2328.3
2025-04-07 07:23:50.474210,2325.6,2327.4
2025-04-07 07:23:50.912507,2325.6,2328.3
2025-04-07 07:23:52.141104,2326.6,2328.4
2025-04-07 07:24:00.367691,2325.6,2328.3
2025-04-07 07:24:00.907624,2326.6,2328.4
2025-04-07 07:24:01.861400,2326.6,2329.3
2025-04-07 07:24:02.406599,2325.6,2329.3
2025-04-07 07:24:03.130799,2326.6,2329.3
2025-04-07 07:24:03.396693,2326.6,2328.4
2025-04-07 07:24:04.077811,2326.6,2329.3
2025-04-07 07:24:04.882893,2327.6,2330.3
2025-04-07 07:24:06.163593,2327.6,2331.3
2025-04-07 07:24:07.068514,2327.6,2330.3
2025-04-07 07:24:08.156124,2328.6,2330.4
2025-04-07 07:24:08.663658,2327.6,2330.3
2025-04-07 07:24:09.364414,2327.6,2329.4
2025-04-07 07:24:11.563934,2325.6,2328.3
2025-04-07 07:24:14.412275,2326.6,2329.3
2025-04-07 07:24:16.576079,2327.6,2329.4
2025-04-07 07:24:18.351407,2326.6,2329.3
2025-04-07 07:24:20.952375,2327.6,2329.4
2025-04-07 07:24:21.874775,2326.6,2328.4
2025-04-07 07:24:23.530996,2326.6,2329.3
2025-04-07 07:24:24.217161,2325.6,2329.3
2025-04-07 07:24:25.060640,2325.6,2327.4
2025-04-07 07:24:33.878652,2324.6,2326.4
2025-04-07 07:24:35.293227,2324.6,2327.3
2025-04-07 07:24:38.641487,2324.6,2326.4
2025-04-07 07:24:39.766203,2324.6,2327.3
2025-04-07 07:24:46.959443,2325.6,2328.3
2025-04-07 07:24:48.151699,2326.6,2329.3
2025-04-07 07:24:48.825143,2326.6,2330.3
2025-04-07 07:24:50.760760,2326.6,2329.3
2025-04-07 07:24:51.508928,2326.6,2328.4
2025-04-07 07:24:51.892945,2328.6,2330.4
2025-04-07 07:24:54.047872,2328.6,2331.3
2025-04-07 07:24:54.406669,2328.6,2330.4
2025-04-07 07:24:57.777014,2327.6,2330.3
2025-04-07 07:25:01.999905,2328.6,2331.3
2025-04-07 07:25:02.552732,2329.6,2331.4
2025-04-07 07:25:03.191686,2328.6,2330.4
2025-04-07 07:25:05.929862,2327.6,2330.3
2025-04-07 07:25:09.621568,2327.6,2329.4
2025-04-07 07:25:11.132703,2326.6,2329.3
2025-04-07 07:25:15.231565,2325.6,2328.3
2025-04-07 07:25:22.206779,2326.6,2328.4
2025-04-07 07:25:24.346405,2324.6,2326.4
2025-04-07 07:25:27.727512,2324.6,2327.3
2025-04-07 07:25:29.149818,2325.6,2327.4
2025-04-07 07:25:30.804200,2325.6,2328.3
2025-04-07 07:25:32.800662,2325.6,2327.4
2025-04-07 07:25:36.952655,2325.6,2328.3
2025-04-07 07:25:38.362869,2325.6,2327.4
2025-04-07 07:25:38.926470,2325.6,2328.3
2025-04-07 07:25:40.034307,2325.6,2327.4
2025-04-07 07:25:40.446873,2327.6,2330.3
2025-04-07 07:25:41.511831,2328.6,2331.3
2025-04-07 07:25:45.660646,2328.6,2332.3
2025-04-07 07:25:47.284054,2328.6,2331.3
2025-04-07 07:25:48.035785,2328.6,2330.4
2025-04-07 07:25:48.902828,2327.6,2330.3
2025-04-07 07:25:49.605780,2328.6,2330.4
2025-04-07 07:25:51.075331,2327.6,2330.3
2025-04-07 07:25:53.812035,2327.6,2329.4
2025-04-07 07:25:55.557128,2328.6,2331.3
2025-04-07 07:25:56.908574,2328.6,2330.4
2025-04-07 07:25:59.138976,2329.6,2332.3
2025-04-07 07:26:00.480891,2328.6,2330.4
2025-04-07 07:26:01.531088,2327.6,2330.3
2025-04-07 07:26:02.525571,2326.6,2329.3
2025-04-07 07:26:04.241027,2327.6,2329.4
2025-04-07 07:26:04.928549,2325.6,2328.3
2025-04-07 07:26:05.805857,2325.6,2327.4
2025-04-07 07:26:07.731335,2325.6,2328.3
2025-04-07 07:26:08.384382,2326.6,2329.3
2025-04-07 07:26:12.678940,2325.6,2327.4
2025-04-07 07:26:14.151089,2324.6,2327.3
2025-04-07 07:26:14.843596,2325.6,2327.4
2025-04-07 07:26:20.508446,2324.6,2326.4
2025-04-07 07:26:21.579652,2324.6,2327.3
2025-04-07 07:26:22.423061,2323.6,2326.3
2025-04-07 07:26:23.698711,2324.6,2327.3
2025-04-07 07:26:24.646954,2323.6,2326.3
2025-04-07 07:26:27.945504,2323.6,2325.4
2025-04-07 07:26:29.650136,2323.6,2326.3
2025-04-07 07:26:31.754745,2323.6,2325.4
2025-04-07 07:26:32.965937,2324.6,2326.4
2025-04-07 07:26:36.082737,2323.6,2325.4
2025-04-07 07:26:38.658226,2322.6,2325.3
2025-04-07 07:26:41.762165,2323.6,2325.4
2025-04-07 07:26:42.592631,2322.6,2324.4
2025-04-07 07:26:43.119901,2322.6,2325.3
2025-04-07 07:26:51.099033,2323.6,2326.3
2025-04-07 07:26:56.663611,2324.6,2326.4
2025-04-07 07:26:58.432997,2323.6,2326.3
2025-04-07 07:26:58.963275,2324.6,2326.4
2025-04-07 07:27:00.580439,2324.6,2327.3
2025-04-07 07:27:03.132226,2324.6,2326.4
2025-04-07 07:27:05.988870,2324.6,2327.3
2025-04-07 07:27:06.690515,2324.6,2326.4
2025-04-07 07:27:09.639438,2324.6,2328.3
2025-04-07 07:27:10.228703,2323.6,2326.3
2025-04-07 07:27:13.163804,2322.6,2325.3
2025-04-07 07:27:14.941288,2323.6,2325.4
2025-04-07 07:27:15.943368,2322.6,2325.3
2025-04-07 07:27:17.720081,2323.6,2325.4
2025-04-07 07:27:21.582207,2323.6,2326.3
2025-04-07 07:27:23.549285,2324.6,2326.4
2025-04-07 07:27:26.733193,2323.6,2325.4
2025-04-07 07:27:27.354772,2323.6,2326.3
2025-04-07 07:27:28.757449,2323.6,2325.4
2025-04-07 07:27:32.563658,2322.6,2324.4
2025-04-07 07:27:33.586484,2322.6,2325.3
2025-04-07 07:27:39.784543,2323.6,2326.3
2025-04-07 07:27:41.452908,2324.6,2327.3
2025-04-07 07:27:42.097642,2325.6,2327.4
2025-04-07 07:27:43.221557,2325.6,2328.3
2025-04-07 07:27:44.360793,2325.6,2327.4
2025-04-07 07:27:46.341316,2324.6,2327.3
2025-04-07 07:27:47.636347,2325.6,2327.4
2025-04-07 07:27:48.931067,2324.6,2327.3
2025-04-07 07:27:51.160165,2324.6,2326.4
2025-04-07 07:27:53.956345,2324.6,2327.3
2025-04-07 07:27:55.700932,2324.6,2328.3
2025-04-07 07:27:57.111926,2324.6,2327.3
2025-04-07 07:27:57.996378,2324.6,2326.4
2025-04-07 07:27:59.371603,2323.6,2326.3
2025-04-07 07:28:00.065203,2323.6,2325.4
2025-04-07 07:28:00.452840,2322.6,2325.3
2025-04-07 07:28:01.483841,2323.6,2325.4
2025-04-07 07:28:01.983036,2322.6,2325.3
2025-04-07 07:28:03.142076,2320.6,2323.3
2025-04-07 07:28:04.734087,2319.6,2322.3
2025-04-07 07:28:06.969768,2320.6,2322.4
2025-04-07 07:28:07.639277,2320.6,2323.3
2025-04-07 07:28:09.330904,2319.6,2322.3
2025-04-07 07:28:10.208085,2320.6,2322.4
2025-04-07 07:28:11.521188,2320.6,2323.3
2025-04-07 07:28:12.785754,2321.6,2323.4
2025-04-07 07:28:22.777229,2320.6,2322.4
2025-04-07 07:28:25.161920,2319.6,2322.3
2025-04-07 07:28:28.276754,2319.6,2321.4
2025-04-07 07:28:29.306230,2317.6,2320.3
2025-04-07 07:28:29.832112,2318.6,2320.4
2025-04-07 07:28:30.158539,2317.6,2320.3
2025-04-07 07:28:34.982739,2316.6,2320.3
2025-04-07 07:28:36.446608,2314.6,2317.3
2025-04-07 07:28:37.585132,2315.6,2317.4
2025-04-07 07:28:38.129877,2310.6,2314.3
2025-04-07 07:28:38.630764,2311.6,2313.4
2025-04-07 07:28:39.326065,2310.6,2312.4
2025-04-07 07:28:41.893319,2310.6,2313.3
2025-04-07 07:28:43.479279,2311.6,2313.4
2025-04-07 07:28:45.228995,2312.6,2314.4
2025-04-07 07:28:45.753883,2312.6,2315.3
2025-04-07 07:28:47.257829,2313.6,2316.3
2025-04-07 07:28:48.314955,2313.6,2315.4
2025-04-07 07:28:51.432681,2312.6,2315.3
2025-04-07 07:28:54.311237,2311.6,2315.3
2025-04-07 07:28:55.827782,2313.6,2315.4
2025-04-07 07:29:01.549183,2314.6,2316.4
2025-04-07 07:29:02.333806,2313.6,2316.3
2025-04-07 07:29:03.005864,2314.6,2316.4
2025-04-07 07:29:03.827472,2312.6,2315.3
2025-04-07 07:29:04.493119,2313.6,2315.4
2025-04-07 07:29:04.970211,2314.6,2316.4
2025-04-07 07:29:06.708074,2313.6,2315.4
2025-04-07 07:29:08.438066,2312.6,2316.3
2025-04-07 07:29:08.971764,2313.6,2316.3
2025-04-07 07:29:10.584715,2314.6,2316.4
2025-04-07 07:29:11.730298,2313.6,2316.3
2025-04-07 07:29:12.131291,2314.6,2317.3
2025-04-07 07:29:13.004988,2313.6,2317.3
2025-04-07 07:29:13.600227,2314.6,2316.4
2025-04-07 07:29:14.244047,2315.6,2317.4
2025-04-07 07:29:18.828557,2313.6,2317.3
2025-04-07 07:29:23.407037,2313.6,2315.4
2025-04-07 07:29:23.841341,2313.6,2316.3
2025-04-07 07:29:24.807846,2313.6,2315.4
2025-04-07 07:29:29.989462,2312.6,2315.3
2025-04-07 07:29:32.087117,2313.6,2315.4
2025-04-07 07:29:32.647878,2312.6,2315.3
2025-04-07 07:29:32.970068,2313.6,2315.4
2025-04-07 07:29:33.486464,2313.6,2316.3
2025-04-07 07:29:35.353450,2314.6,2316.4
2025-04-07 07:29:35.648008,2313.6,2315.4
2025-04-07 07:29:36.534013,2313.6,2316.3
2025-04-07 07:29:37.880958,2314.6,2316.4
2025-04-07 07:29:38.583237,2313.6,2316.3
2025-04-07 07:29:42.660320,2314.6,2316.4
2025-04-07 07:29:47.856217,2314.6,2317.3
2025-04-07 07:29:49.913791,2315.6,2317.4
2025-04-07 07:29:57.207649,2315.6,2318.3
2025-04-07 07:29:57.471429,2316.6,2318.4
2025-04-07 07:29:58.871761,2314.6,2317.3
2025-04-07 07:29:59.190238,2315.6,2317.4
2025-04-07 07:30:00.233168,2314.6,2317.3
2025-04-07 07:30:00.468567,2315.6,2317.4
2025-04-07 07:30:01.361804,2314.6,2317.3
2025-04-07 07:30:03.624486,2313.6,2316.3
2025-04-07 07:30:06.359703,2312.6,2314.4
2025-04-07 07:30:07.265129,2311.6,2314.3
2025-04-07 07:30:08.546020,2312.6,2315.3
2025-04-07 07:30:10.950340,2313.6,2315.4
2025-04-07 07:30:12.003375,2312.6,2315.3
2025-04-07 07:30:15.264344,2311.6,2314.3
2025-04-07 07:30:23.333387,2310.6,2313.3
2025-04-07 07:30:24.462907,2309.6,2312.3
2025-04-07 07:30:24.523876,2308.6,2312.3
2025-04-07 07:30:24.990958,2309.6,2311.4
2025-04-07 07:30:25.839855,2308.6,2311.3
2025-04-07 07:30:27.245658,2307.6,2311.3
2025-04-07 07:30:27.508199,2307.6,2310.3
2025-04-07 07:30:27.997138,2307.6,2309.4
2025-04-07 07:30:32.267631,2308.6,2310.4
2025-04-07 07:30:34.106708,2307.6,2310.3
2025-04-07 07:30:38.243557,2307.6,2309.4
2025-04-07 07:30:39.633600,2307.6,2310.3
2025-04-07 07:30:40.242315,2306.6,2309.3
2025-04-07 07:30:41.462084,2307.6,2309.4
2025-04-07 07:30:44.468703,2307.6,2310.3
2025-04-07 07:30:46.843005,2308.6,2311.3
2025-04-07 07:30:47.611873,2308.6,2310.4
2025-04-07 07:30:48.229982,2307.6,2309.4
2025-04-07 07:30:49.041411,2308.6,2310.4
2025-04-07 07:30:49.650852,2309.6,2311.4
2025-04-07 07:30:50.131208,2308.6,2310.4
2025-04-07 07:30:52.148612,2309.6,2312.3
2025-04-07 07:30:59.398852,2311.6,2313.4
2025-04-07 07:31:03.994951,2310.6,2312.4
2025-04-07 07:31:08.747038,2309.6,2312.3
2025-04-07 07:31:12.050426,2309.6,2311.4
2025-04-07 07:31:14.578216,2309.6,2312.3
2025-04-07 07:31:15.129281,2310.6,2312.4
2025-04-07 07:31:15.687413,2309.6,2312.3
2025-04-07 07:31:19.950137,2307.6,2310.3
2025-04-07 07:31:21.662862,2307.6,2309.4
2025-04-07 07:31:22.338038,2306.6,2309.3
2025-04-07 07:31:23.760177,2307.6,2309.4
2025-04-07 07:31:24.252863,2307.6,2310.3
2025-04-07 07:31:24.773534,2308.6,2310.4
2025-04-07 07:31:28.057849,2307.6,2310.3
2025-04-07 07:31:35.333455,2306.6,2309.3
2025-04-07 07:31:36.336024,2305.6,2308.3
2025-04-07 07:31:36.854755,2304.6,2306.4
2025-04-07 07:31:37.265761,2304.6,2307.3
2025-04-07 07:31:39.845829,2302.6,2306.3
2025-04-07 07:31:41.239458,2302.6,2304.4
2025-04-07 07:31:42.228727,2303.6,2306.3
2025-04-07 07:31:43.530935,2303.6,2305.4
2025-04-07 07:31:46.584437,2302.6,2305.3
2025-04-07 07:31:46.847269,2302.6,2304.4
2025-04-07 07:31:54.554201,2302.6,2305.3
2025-04-07 07:31:59.554987,2303.6,2306.3
2025-04-07 07:32:02.944498,2302.6,2305.3
2025-04-07 07:32:06.939397,2301.6,2304.3
2025-04-07 07:32:10.055661,2300.6,2303.3
2025-04-07 07:32:10.833447,2301.6,2303.4
2025-04-07 07:32:11.137042,2300.6,2303.3
2025-04-07 07:32:11.764531,2301.6,2303.4
2025-04-07 07:32:14.715648,2300.6,2302.4
2025-04-07 07:32:15.558634,2299.6,2302.3
2025-04-07 07:32:23.643845,2300.6,2302.4
2025-04-07 07:32:25.952885,2301.6,2303.4
2025-04-07 07:32:27.063190,2302.6,2304.4
2025-04-07 07:32:27.566273,2301.6,2304.3
2025-04-07 07:32:27.988983,2300.6,2303.3
2025-04-07 07:32:28.540181,2301.6,2303.4
2025-04-07 07:32:30.897895,2302.6,2304.4
2025-04-07 07:32:33.099041,2300.6,2304.3
2025-04-07 07:32:34.586504,2302.6,2304.4
2025-04-07 07:32:36.438738,2301.6,2303.4
2025-04-07 07:32:36.777045,2301.6,2304.3
2025-04-07 07:32:37.960552,2301.6,2303.4
2025-04-07 07:32:38.516609,2300.6,2303.3
2025-04-07 07:32:42.207774,2301.6,2303.4
2025-04-07 07:32:47.771517,2301.6,2304.3
2025-04-07 07:32:49.530585,2301.6,2303.4
2025-04-07 07:32:49.951015,2300.6,2302.4
2025-04-07 07:32:51.728225,2299.6,2302.3
2025-04-07 07:32:53.583384,2299.6,2301.4
2025-04-07 07:32:54.648699,2300.6,2302.4
2025-04-07 07:32:55.379259,2299.6,2301.4
2025-04-07 07:32:57.414952,2299.6,2302.3
2025-04-07 07:33:18.240706,2300.6,2302.4
2025-04-07 07:33:24.936996,2299.6,2301.4
2025-04-07 07:33:25.540826,2299.6,2302.3
2025-04-07 07:33:25.856078,2299.6,2301.4
2025-04-07 07:33:30.232925,2299.6,2302.3
2025-04-07 07:33:33.063488,2300.6,2302.4
2025-04-07 07:33:34.415201,2300.6,2303.3
2025-04-07 07:33:40.176463,2301.6,2303.4
2025-04-07 07:33:43.756696,2300.6,2303.3
2025-04-07 07:33:43.966261,2300.6,2302.4
2025-04-07 07:33:44.072411,2300.6,2303.3
2025-04-07 07:33:44.432445,2301.6,2303.4
2025-04-07 07:33:46.804818,2302.6,2304.4
2025-04-07 07:33:47.144009,2300.6,2304.3
2025-04-07 07:33:47.446930,2301.6,2303.4
2025-04-07 07:33:47.894859,2301.6,2304.3
2025-04-07 07:33:48.762160,2300.6,2304.3
2025-04-07 07:33:50.559244,2301.6,2304.3
2025-04-07 07:33:51.446257,2302.6,2304.4
2025-04-07 07:33:55.548101,2301.6,2303.4
2025-04-07 07:33:56.321045,2301.6,2304.3
2025-04-07 07:33:56.903753,2302.6,2304.4
2025-04-07 07:33:58.119395,2301.6,2303.4
2025-04-07 07:33:59.529601,2300.6,2303.3
2025-04-07 07:34:00.457185,2300.6,2302.4
2025-04-07 07:34:01.306227,2299.6,2302.3
2025-04-07 07:34:02.342841,2299.6,2301.4
2025-04-07 07:34:03.595211,2298.6,2301.3
2025-04-07 07:34:06.737998,2299.6,2301.4
2025-04-07 07:34:08.743481,2299.6,2302.3
2025-04-07 07:34:12.257268,2298.6,2302.3
2025-04-07 07:34:15.520984,2298.6,2301.3
2025-04-07 07:34:19.083855,2300.6,2302.4
2025-04-07 07:34:22.696860,2299.6,2301.4
2025-04-07 07:34:25.523805,2298.6,2300.4
2025-04-07 07:34:26.105133,2299.6,2301.4
2025-04-07 07:34:38.257118,2298.6,2300.4
2025-04-07 07:34:41.477320,2297.6,2300.3
2025-04-07 07:34:47.025726,2296.6,2298.4
2025-04-07 07:34:49.236497,2296.6,2299.3
2025-04-07 07:34:53.657197,2296.6,2298.4
2025-04-07 07:34:57.702282,2295.6,2297.4
2025-04-07 07:35:01.561339,2294.6,2297.3
2025-04-07 07:35:02.933667,2295.6,2297.4
2025-04-07 07:35:04.153653,2294.6,2297.3
2025-04-07 07:35:05.685597,2295.6,2297.4
2025-04-07 07:35:06.818228,2294.6,2296.4
2025-04-07 07:35:09.228751,2293.6,2296.3
2025-04-07 07:35:10.084567,2292.6,2295.3
2025-04-07 07:35:10.339336,2293.6,2295.4
2025-04-07 07:35:11.232030,2292.6,2295.3
2025-04-07 07:35:12.690584,2293.6,2295.4
2025-04-07 07:35:14.975908,2293.6,2296.3
2025-04-07 07:35:17.684245,2294.6,2296.4
2025-04-07 07:35:18.699477,2294.6,2297.3
2025-04-07 07:35:19.651337,2295.6,2298.3
2025-04-07 07:35:22.941119,2295.6,2299.3
2025-04-07 07:35:23.386603,2295.6,2298.3
2025-04-07 07:35:24.114641,2297.6,2299.4
2025-04-07 07:35:25.610360,2296.6,2300.3
2025-04-07 07:35:27.533451,2298.6,2300.4
2025-04-07 07:35:31.789640,2296.6,2299.3
2025-04-07 07:35:33.432698,2295.6,2298.3
2025-04-07 07:35:36.169915,2294.6,2297.3
2025-04-07 07:35:38.535856,2295.6,2297.4
2025-04-07 07:35:42.145731,2294.6,2297.3
2025-04-07 07:35:43.478052,2295.6,2297.4
2025-04-07 07:35:44.787704,2294.6,2297.3
2025-04-07 07:35:45.250957,2295.6,2298.3
2025-04-07 07:35:45.903299,2296.6,2298.4
2025-04-07 07:35:46.977653,2295.6,2298.3
2025-04-07 07:35:48.156749,2296.6,2298.4
2025-04-07 07:35:48.667402,2295.6,2298.3
2025-04-07 07:35:49.276090,2294.6,2297.3
2025-04-07 07:35:50.443424,2295.6,2297.4
2025-04-07 07:35:51.198748,2294.6,2297.3
2025-04-07 07:35:52.588471,2295.6,2297.4
2025-04-07 07:35:54.363031,2294.6,2297.3
2025-04-07 07:35:55.387374,2295.6,2297.4
2025-04-07 07:35:56.285732,2294.6,2296.4
2025-04-07 07:35:57.783148,2294.6,2297.3
2025-04-07 07:35:58.002443,2295.6,2297.4
2025-04-07 07:35:58.523162,2294.6,2297.3
2025-04-07 07:35:59.868198,2295.6,2297.4
2025-04-07 07:36:01.404800,2295.6,2298.3
2025-04-07 07:36:02.598613,2296.6,2298.4
2025-04-07 07:36:03.273192,2296.6,2299.3
2025-04-07 07:36:05.322252,2296.6,2298.4
2025-04-07 07:36:06.194313,2296.6,2299.3
2025-04-07 07:36:06.991743,2295.6,2299.3
2025-04-07 07:36:07.605108,2296.6,2298.4
2025-04-07 07:36:10.541644,2296.6,2299.3
2025-04-07 07:36:12.506350,2296.6,2298.4
2025-04-07 07:36:14.537538,2295.6,2298.3
2025-04-07 07:36:21.920186,2296.6,2299.3
2025-04-07 07:36:26.551245,2296.6,2298.4
2025-04-07 07:36:27.271201,2297.6,2299.4
2025-04-07 07:36:31.024937,2296.6,2299.3
2025-04-07 07:36:34.168388,2297.6,2299.4
2025-04-07 07:36:39.504834,2296.6,2299.3
2025-04-07 07:36:39.764037,2295.6,2297.4
2025-04-07 07:36:40.727246,2294.6,2297.3
2025-04-07 07:36:41.626381,2294.6,2296.4
2025-04-07 07:36:43.551466,2294.6,2297.3
2025-04-07 07:36:45.086379,2295.6,2297.4
2025-04-07 07:36:53.541855,2294.6,2297.3
2025-04-07 07:37:00.493687,2294.6,2296.4
2025-04-07 07:37:02.039838,2294.6,2297.3
2025-04-07 07:37:03.303624,2295.6,2297.4
2025-04-07 07:37:05.453276,2295.6,2298.3
2025-04-07 07:37:15.230220,2296.6,2299.3
2025-04-07 07:37:16.451520,2296.6,2298.4
2025-04-07 07:37:27.788768,2295.6,2298.3
2025-04-07 07:37:29.947686,2295.6,2297.4
2025-04-07 07:37:40.557588,2294.6,2297.3
2025-04-07 07:37:42.100452,2293.6,2296.3
2025-04-07 07:37:43.812590,2292.6,2295.3
2025-04-07 07:37:46.874632,2291.6,2294.3
2025-04-07 07:37:50.398571,2289.6,2292.3
2025-04-07 07:37:51.434502,2290.6,2292.4
2025-04-07 07:37:52.969896,2289.6,2291.4
2025-04-07 07:38:00.891254,2288.6,2290.4
2025-04-07 07:38:04.554269,2288.6,2291.3
2025-04-07 07:38:07.898099,2289.6,2292.3
2025-04-07 07:38:09.849241,2288.6,2291.3
2025-04-07 07:38:23.190855,2287.6,2290.3
2025-04-07 07:38:24.479329,2286.6,2290.3
2025-04-07 07:38:25.222827,2286.6,2289.3
2025-04-07 07:38:26.559164,2287.6,2289.4
2025-04-07 07:38:27.342870,2286.6,2288.4
2025-04-07 07:38:27.846965,2285.6,2288.3
2025-04-07 07:38:28.332179,2285.6,2287.4
2025-04-07 07:38:33.412964,2286.6,2288.4
2025-04-07 07:38:34.041175,2286.6,2289.3
2025-04-07 07:38:34.820886,2287.6,2290.3
2025-04-07 07:38:35.981573,2286.6,2290.3
2025-04-07 07:38:36.612545,2285.6,2289.3
2025-04-07 07:38:37.175985,2286.6,2289.3
2025-04-07 07:38:37.686276,2287.6,2289.4
2025-04-07 07:38:38.634254,2286.6,2288.4
2025-04-07 07:38:39.563536,2285.6,2288.3
2025-04-07 07:38:39.985699,2286.6,2289.3
2025-04-07 07:38:40.985098,2285.6,2288.3
2025-04-07 07:38:42.737743,2286.6,2288.4
2025-04-07 07:38:44.764287,2285.6,2288.3
2025-04-07 07:38:45.850990,2285.6,2287.4
2025-04-07 07:38:46.890812,2284.6,2287.3
2025-04-07 07:38:50.303238,2285.6,2287.4
2025-04-07 07:38:51.428213,2284.6,2286.4
2025-04-07 07:38:51.663471,2285.6,2287.4
2025-04-07 07:38:52.757252,2285.6,2288.3
2025-04-07 07:38:53.550630,2286.6,2288.4
2025-04-07 07:38:56.636067,2286.6,2289.3
2025-04-07 07:38:56.873852,2287.6,2290.3
2025-04-07 07:38:57.794446,2287.6,2289.4
2025-04-07 07:38:59.244563,2287.6,2290.3
2025-04-07 07:38:59.672992,2287.6,2289.4
2025-04-07 07:39:00.751949,2287.6,2290.3
2025-04-07 07:39:01.695460,2288.6,2291.3
2025-04-07 07:39:02.572092,2290.6,2292.4
2025-04-07 07:39:03.112559,2289.6,2291.4
2025-04-07 07:39:04.165736,2290.6,2292.4
2025-04-07 07:39:07.648390,2289.6,2292.3
2025-04-07 07:39:08.782970,2288.6,2291.3
2025-04-07 07:39:09.262292,2288.6,2290.4
2025-04-07 07:39:09.849308,2287.6,2289.4
2025-04-07 07:39:10.872024,2287.6,2290.3
2025-04-07 07:39:11.503020,2288.6,2290.4
2025-04-07 07:39:13.966879,2288.6,2291.3
2025-04-07 07:39:15.339954,2287.6,2290.3
2025-04-07 07:39:16.240809,2286.6,2289.3
2025-04-07 07:39:17.882520,2286.6,2288.4
2025-04-07 07:39:19.052796,2286.6,2289.3
2025-04-07 07:39:20.762716,2287.6,2289.4
2025-04-07 07:39:21.442905,2286.6,2288.4
2025-04-07 07:39:22.470642,2287.6,2289.4
2025-04-07 07:39:41.561516,2286.6,2289.3
2025-04-07 07:39:42.468935,2286.6,2290.3
2025-04-07 07:39:44.582823,2288.6,2290.4
2025-04-07 07:39:50.705330,2289.6,2291.4
2025-04-07 07:39:51.569594,2290.6,2292.4
2025-04-07 07:39:52.217287,2289.6,2292.3
2025-04-07 07:39:55.947324,2290.6,2293.3
2025-04-07 07:39:56.161487,2291.6,2293.4
2025-04-07 07:39:57.785801,2291.6,2294.3
2025-04-07 07:39:58.278419,2291.6,2295.3
2025-04-07 07:39:59.568100,2293.6,2295.4
2025-04-07 07:39:59.646075,2293.6,2296.3
2025-04-07 07:40:00.141457,2292.6,2296.3
2025-04-07 07:40:01.372505,2293.6,2296.3
2025-04-07 07:40:02.397405,2294.6,2297.3
2025-04-07 07:40:02.953350,2296.6,2298.4
2025-04-07 07:40:07.561397,2295.6,2298.3
2025-04-07 07:40:08.134849,2296.6,2298.4
2025-04-07 07:40:10.127588,2295.6,2298.3
2025-04-07 07:40:16.180471,2296.6,2298.4
2025-04-07 07:40:17.603054,2294.6,2297.3
2025-04-07 07:40:18.330443,2295.6,2298.3
2025-04-07 07:40:19.179644,2295.6,2297.4
2025-04-07 07:40:20.013167,2295.6,2298.3
2025-04-07 07:40:26.248916,2297.6,2299.4
2025-04-07 07:40:27.042736,2296.6,2299.3
2025-04-07 07:40:28.694582,2297.6,2300.3
2025-04-07 07:40:28.938136,2298.6,2300.4
2025-04-07 07:40:29.136752,2297.6,2300.3
2025-04-07 07:40:32.080608,2299.6,2302.3
2025-04-07 07:40:33.724751,2300.6,2303.3
2025-04-07 07:40:34.047403,2301.6,2303.4
2025-04-07 07:40:34.935407,2301.6,2304.3
2025-04-07 07:40:35.619470,2303.6,2306.3
2025-04-07 07:40:41.257370,2304.6,2306.4
2025-04-07 07:40:49.042024,2304.6,2307.3
2025-04-07 07:40:51.288274,2303.6,2306.3
2025-04-07 07:40:56.962596,2304.6,2306.4
2025-04-07 07:40:59.576217,2303.6,2306.3
2025-04-07 07:41:00.492699,2303.6,2305.4
2025-04-07 07:41:01.562144,2303.6,2306.3
2025-04-07 07:41:02.837174,2304.6,2307.3
2025-04-07 07:41:04.726319,2305.6,2308.3
2025-04-07 07:41:06.072857,2305.6,2307.4
2025-04-07 07:41:06.355569,2304.6,2307.3
2025-04-07 07:41:07.190830,2304.6,2306.4
2025-04-07 07:41:09.340144,2303.6,2306.3
2025-04-07 07:41:10.023100,2302.6,2304.4
2025-04-07 07:41:11.363097,2302.6,2305.3
2025-04-07 07:41:11.632316,2303.6,2305.4
2025-04-07 07:41:13.319891,2304.6,2306.4
2025-04-07 07:41:16.171606,2303.6,2305.4
2025-04-07 07:41:16.847246,2302.6,2305.3
2025-04-07 07:41:18.229506,2301.6,2303.4
2025-04-07 07:41:18.956499,2301.6,2304.3
2025-04-07 07:41:19.843843,2300.6,2303.3
2025-04-07 07:41:20.616688,2300.6,2302.4
2025-04-07 07:41:21.293287,2301.6,2304.3
2025-04-07 07:41:23.585109,2302.6,2305.3
2025-04-07 07:41:24.295186,2302.6,2304.4
2025-04-07 07:41:24.910624,2302.6,2305.3
2025-04-07 07:41:25.461297,2303.6,2306.3
2025-04-07 07:41:26.371403,2304.6,2307.3
2025-04-07 07:41:29.254333,2305.6,2308.3
2025-04-07 07:41:29.786373,2305.6,2307.4
2025-04-07 07:41:30.776351,2305.6,2309.3
2025-04-07 07:41:31.310924,2306.6,2308.4
2025-04-07 07:41:33.717796,2305.6,2308.3
2025-04-07 07:41:35.329191,2306.6,2308.4
2025-04-07 07:41:36.083759,2306.6,2309.3
2025-04-07 07:41:41.430521,2306.6,2308.4
2025-04-07 07:41:42.187754,2307.6,2309.4
2025-04-07 07:41:43.879174,2306.6,2309.3
2025-04-07 07:41:44.324599,2306.6,2308.4
2025-04-07 07:41:46.134384,2306.6,2309.3
2025-04-07 07:41:48.909983,2306.6,2308.4
2025-04-07 07:41:50.628960,2306.6,2309.3
2025-04-07 07:41:51.556847,2307.6,2310.3
2025-04-07 07:41:52.482582,2308.6,2310.4
2025-04-07 07:41:53.375214,2307.6,2310.3
2025-04-07 07:41:54.816687,2307.6,2309.4
2025-04-07 07:41:55.620636,2308.6,2310.4
2025-04-07 07:41:55.940180,2308.6,2311.3
2025-04-07 07:41:59.871813,2309.6,2311.4
2025-04-07 07:42:00.222094,2308.6,2310.4
2025-04-07 07:42:00.997688,2307.6,2310.3
2025-04-07 07:42:01.525693,2306.6,2309.3
2025-04-07 07:42:02.071425,2308.6,2310.4
2025-04-07 07:42:02.767616,2307.6,2309.4
2025-04-07 07:42:03.261523,2306.6,2308.4
2025-04-07 07:42:04.327219,2306.6,2309.3
2025-04-07 07:42:04.949198,2306.6,2308.4
2025-04-07 07:42:06.321855,2307.6,2309.4
2025-04-07 07:42:07.014697,2306.6,2309.3
2025-04-07 07:42:08.534678,2307.6,2309.4
2025-04-07 07:42:08.987324,2307.6,2310.3
2025-04-07 07:42:15.456478,2307.6,2309.4
2025-04-07 07:42:15.716247,2307.6,2310.3
2025-04-07 07:42:16.327711,2307.6,2309.4
2025-04-07 07:42:16.909328,2307.6,2310.3
2025-04-07 07:42:17.389728,2308.6,2311.3
2025-04-07 07:42:17.892081,2309.6,2311.4
2025-04-07 07:42:22.971938,2308.6,2311.3
2025-04-07 07:42:30.764532,2307.6,2310.3
2025-04-07 07:42:31.457204,2308.6,2310.4
2025-04-07 07:42:32.578067,2308.6,2311.3
2025-04-07 07:42:35.291988,2309.6,2311.4
2025-04-07 07:42:36.024715,2309.6,2312.3
2025-04-07 07:42:37.207758,2309.6,2311.4
2025-04-07 07:42:37.677378,2309.6,2312.3
2025-04-07 07:42:38.110829,2309.6,2313.3
2025-04-07 07:42:38.445319,2311.6,2313.4
2025-04-07 07:42:38.734084,2311.6,2314.3
2025-04-07 07:42:39.370379,2313.6,2315.4
2025-04-07 07:42:40.074126,2312.6,2315.3
2025-04-07 07:42:41.775673,2312.6,2314.4
2025-04-07 07:42:42.144417,2311.6,2314.3
2025-04-07 07:42:44.119157,2312.6,2314.4
2025-04-07 07:42:45.156005,2311.6,2313.4
2025-04-07 07:42:45.450232,2312.6,2314.4
2025-04-07 07:42:46.581607,2311.6,2314.3
2025-04-07 07:42:48.161373,2310.6,2312.4
2025-04-07 07:42:49.551330,2310.6,2313.3
2025-04-07 07:42:50.591488,2310.6,2312.4
2025-04-07 07:42:51.422066,2310.6,2313.3
2025-04-07 07:42:52.310200,2311.6,2313.4
2025-04-07 07:42:53.945561,2311.6,2314.3
2025-04-07 07:42:54.914767,2312.6,2314.4
2025-04-07 07:42:57.493035,2312.6,2315.3
2025-04-07 07:42:58.512184,2313.6,2315.4
2025-04-07 07:42:58.847721,2314.6,2316.4
2025-04-07 07:42:59.036195,2314.6,2317.3
2025-04-07 07:42:59.780602,2314.6,2316.4
2025-04-07 07:43:01.019866,2313.6,2316.3
2025-04-07 07:43:01.353528,2315.6,2317.4
2025-04-07 07:43:01.632725,2314.6,2316.4
2025-04-07 07:43:04.271217,2314.6,2317.3
2025-04-07 07:43:07.128043,2314.6,2316.4
2025-04-07 07:43:09.153436,2313.6,2316.3
2025-04-07 07:43:11.343349,2314.6,2317.3
2025-04-07 07:43:11.577399,2316.6,2318.4
2025-04-07 07:43:13.768523,2314.6,2317.3
2025-04-07 07:43:14.953196,2314.6,2316.4
2025-04-07 07:43:15.352856,2313.6,2316.3
2025-04-07 07:43:18.687367,2314.6,2316.4
2025-04-07 07:43:19.402306,2313.6,2316.3
2025-04-07 07:43:20.275775,2313.6,2315.4
2025-04-07 07:43:21.173252,2313.6,2316.3
2025-04-07 07:43:22.150387,2314.6,2316.4
2025-04-07 07:43:24.918934,2314.6,2317.3
2025-04-07 07:43:25.786911,2315.6,2317.4
2025-04-07 07:43:26.532941,2314.6,2316.4
2025-04-07 07:43:29.776238,2314.6,2317.3
2025-04-07 07:43:30.372492,2315.6,2318.3
2025-04-07 07:43:34.039254,2315.6,2317.4
2025-04-07 07:43:35.067235,2314.6,2317.3
2025-04-07 07:43:36.435267,2314.6,2316.4
2025-04-07 07:43:39.456382,2313.6,2316.3
2025-04-07 07:43:44.148251,2313.6,2315.4
2025-04-07 07:43:44.444401,2313.6,2316.3
2025-04-07 07:43:49.654993,2311.6,2314.3
2025-04-07 07:43:50.170927,2310.6,2313.3
2025-04-07 07:43:50.909105,2311.6,2313.4
2025-04-07 07:43:52.316315,2310.6,2313.3
2025-04-07 07:43:54.225414,2311.6,2313.4
2025-04-07 07:43:59.440567,2310.6,2313.3
2025-04-07 07:44:01.565901,2309.6,2312.3
2025-04-07 07:44:07.787668,2310.6,2313.3
2025-04-07 07:44:10.362007,2309.6,2311.4
2025-04-07 07:44:11.400496,2309.6,2312.3
2025-04-07 07:44:12.793982,2309.6,2311.4
2025-04-07 07:44:13.565169,2308.6,2311.3
2025-04-07 07:44:14.231472,2307.6,2310.3
2025-04-07 07:44:15.163107,2308.6,2311.3
2025-04-07 07:44:15.807834,2307.6,2309.4
2025-04-07 07:44:16.358466,2307.6,2310.3
2025-04-07 07:44:17.755373,2307.6,2309.4
2025-04-07 07:44:18.386941,2307.6,2310.3
2025-04-07 07:44:19.329097,2308.6,2310.4
2025-04-07 07:44:19.632472,2306.6,2309.3
2025-04-07 07:44:20.884688,2307.6,2309.4
2025-04-07 07:44:21.458506,2306.6,2309.3
2025-04-07 07:44:22.741352,2306.6,2308.4
2025-04-07 07:44:24.296494,2305.6,2308.3
2025-04-07 07:44:26.183540,2305.6,2307.4
2025-04-07 07:44:27.396901,2305.6,2308.3
2025-04-07 07:44:28.477803,2305.6,2307.4
2025-04-07 07:44:29.687801,2306.6,2308.4
2025-04-07 07:44:31.511908,2305.6,2308.3
2025-04-07 07:44:32.856955,2304.6,2308.3
2025-04-07 07:44:33.801555,2304.6,2306.4
2025-04-07 07:44:35.049815,2304.6,2307.3
2025-04-07 07:44:38.086400,2305.6,2308.3
2025-04-07 07:44:39.107126,2306.6,2309.3
2025-04-07 07:44:41.197060,2306.6,2308.4
2025-04-07 07:44:41.759740,2306.6,2309.3
2025-04-07 07:44:42.174041,2305.6,2309.3
2025-04-07 07:44:43.198482,2307.6,2309.4
2025-04-07 07:44:43.737345,2306.6,2309.3
2025-04-07 07:44:46.183833,2307.6,2309.4
2025-04-07 07:44:46.632273,2306.6,2309.3
2025-04-07 07:44:47.243036,2307.6,2309.4
2025-04-07 07:44:47.606402,2307.6,2310.3
2025-04-07 07:44:48.528557,2308.6,2310.4
2025-04-07 07:44:49.017554,2307.6,2310.3
2025-04-07 07:44:49.735000,2308.6,2310.4
2025-04-07 07:44:52.333049,2307.6,2310.3
2025-04-07 07:44:53.409203,2307.6,2311.3
2025-04-07 07:44:54.605629,2308.6,2310.4
2025-04-07 07:44:55.247681,2307.6,2310.3
2025-04-07 07:44:57.233321,2307.6,2311.3
2025-04-07 07:44:57.713575,2308.6,2310.4
2025-04-07 07:44:59.072083,2307.6,2310.3
2025-04-07 07:45:00.018092,2306.6,2309.3
2025-04-07 07:45:01.033652,2307.6,2309.4
2025-04-07 07:45:02.301853,2306.6,2309.3
2025-04-07 07:45:02.921411,2307.6,2309.4
2025-04-07 07:45:05.280352,2306.6,2309.3
2025-04-07 07:45:10.546976,2306.6,2308.4
2025-04-07 07:45:12.695429,2306.6,2309.3
2025-04-07 07:45:14.323916,2307.6,2310.3
2025-04-07 07:45:18.980000,2308.6,2310.4
2025-04-07 07:45:23.679206,2307.6,2310.3
2025-04-07 07:45:24.756367,2307.6,2309.4
2025-04-07 07:45:27.365149,2307.6,2310.3
2025-04-07 07:45:28.623912,2309.6,2311.4
2025-04-07 07:45:29.582512,2308.6,2310.4
2025-04-07 07:45:32.677043,2307.6,2310.3
2025-04-07 07:45:33.117566,2306.6,2309.3
2025-04-07 07:45:37.252829,2307.6,2309.4
2025-04-07 07:45:37.550193,2307.6,2310.3
2025-04-07 07:45:39.226949,2307.6,2309.4
2025-04-07 07:45:40.394400,2307.6,2310.3
2025-04-07 07:45:41.071968,2307.6,2309.4
2025-04-07 07:45:43.181999,2306.6,2309.3
2025-04-07 07:45:43.711197,2306.6,2308.4
2025-04-07 07:45:46.890037,2306.6,2309.3
2025-04-07 07:45:47.930819,2306.6,2308.4
2025-04-07 07:45:54.165670,2307.6,2309.4
2025-04-07 07:45:56.267170,2307.6,2310.3
2025-04-07 07:45:56.573187,2308.6,2310.4
2025-04-07 07:45:57.661079,2309.6,2311.4
2025-04-07 07:45:58.743683,2308.6,2311.3
2025-04-07 07:45:59.476577,2311.6,2313.4
2025-04-07 07:46:00.722128,2310.6,2313.3
2025-04-07 07:46:01.841385,2311.6,2314.3
2025-04-07 07:46:02.353360,2312.6,2314.4
2025-04-07 07:46:05.210015,2311.6,2314.3
2025-04-07 07:46:06.234329,2312.6,2314.4
2025-04-07 07:46:07.867797,2312.6,2315.3
2025-04-07 07:46:10.334379,2313.6,2316.3
2025-04-07 07:46:11.917493,2313.6,2315.4
2025-04-07 07:46:12.684136,2314.6,2316.4
2025-04-07 07:46:16.565248,2314.6,2317.3
2025-04-07 07:46:17.369654,2314.6,2316.4
2025-04-07 07:46:18.425311,2313.6,2316.3
2025-04-07 07:46:22.758651,2312.6,2315.3
2025-04-07 07:46:25.100979,2311.6,2314.3
2025-04-07 07:46:25.441648,2310.6,2312.4
2025-04-07 07:46:26.129411,2310.6,2313.3
2025-04-07 07:46:28.048225,2311.6,2314.3
2025-04-07 07:46:30.713842,2312.6,2315.3
2025-04-07 07:46:31.306692,2313.6,2315.4
2025-04-07 07:46:32.070574,2312.6,2315.3
2025-04-07 07:46:33.181114,2313.6,2316.3
2025-04-07 07:46:33.986287,2313.6,2315.4
2025-04-07 07:46:34.848442,2313.6,2316.3
2025-04-07 07:46:36.694732,2312.6,2315.3
2025-04-07 07:46:39.557028,2313.6,2315.4
2025-04-07 07:46:40.215306,2313.6,2316.3
2025-04-07 07:46:41.131166,2314.6,2316.4
2025-04-07 07:46:42.581046,2314.6,2317.3
2025-04-07 07:46:42.987477,2313.6,2316.3
2025-04-07 07:46:43.847849,2313.6,2315.4
2025-04-07 07:46:44.655695,2314.6,2316.4
2025-04-07 07:46:46.137846,2315.6,2318.3
2025-04-07 07:46:46.928538,2316.6,2319.3
2025-04-07 07:46:48.749975,2317.6,2319.4
2025-04-07 07:46:49.341679,2316.6,2319.3
2025-04-07 07:46:50.727687,2315.6,2318.3
2025-04-07 07:46:56.676683,2316.6,2319.3
2025-04-07 07:46:59.813696,2317.6,2319.4
2025-04-07 07:47:01.710855,2315.6,2318.3
2025-04-07 07:47:02.353702,2314.6,2317.3
2025-04-07 07:47:03.569584,2315.6,2317.4
2025-04-07 07:47:05.254471,2314.6,2317.3
2025-04-07 07:47:06.595753,2315.6,2318.3
2025-04-07 07:47:07.145258,2314.6,2317.3
2025-04-07 07:47:07.808323,2314.6,2316.4
2025-04-07 07:47:08.474167,2314.6,2317.3
2025-04-07 07:47:10.696845,2314.6,2316.4
2025-04-07 07:47:13.994648,2313.6,2316.3
2025-04-07 07:47:14.769750,2312.6,2314.4
2025-04-07 07:47:15.222150,2311.6,2314.3
2025-04-07 07:47:15.851311,2310.6,2312.4
2025-04-07 07:47:18.009189,2309.6,2312.3
2025-04-07 07:47:18.080254,2310.6,2312.4
2025-04-07 07:47:19.624140,2309.6,2312.3
2025-04-07 07:47:21.752314,2309.6,2311.4
2025-04-07 07:47:22.398202,2308.6,2310.4
2025-04-07 07:47:22.932166,2308.6,2311.3
2025-04-07 07:47:24.301970,2308.6,2310.4
2025-04-07 07:47:24.956329,2309.6,2311.4
2025-04-07 07:47:25.703599,2308.6,2310.4
2025-04-07 07:47:26.995187,2309.6,2311.4
2025-04-07 07:47:28.123792,2309.6,2312.3
2025-04-07 07:47:28.512972,2311.6,2313.4
2025-04-07 07:47:29.899917,2310.6,2313.3
2025-04-07 07:47:31.330570,2310.6,2312.4
2025-04-07 07:47:32.366595,2310.6,2313.3
2025-04-07 07:47:35.894778,2310.6,2312.4
2025-04-07 07:47:39.580376,2309.6,2311.4
2025-04-07 07:47:45.044107,2308.6,2311.3
2025-04-07 07:47:48.848995,2309.6,2312.3
2025-04-07 07:47:50.549675,2310.6,2313.3
2025-04-07 07:47:51.441671,2311.6,2314.3
2025-04-07 07:47:53.340156,2312.6,2314.4
2025-04-07 07:47:53.936599,2313.6,2315.4
2025-04-07 07:47:57.007458,2313.6,2316.3
2025-04-07 07:47:57.887888,2312.6,2315.3
2025-04-07 07:47:58.460308,2313.6,2315.4
2025-04-07 07:47:59.597552,2315.6,2317.4
2025-04-07 07:48:00.603823,2315.6,2318.3
2025-04-07 07:48:02.475567,2315.6,2317.4
2025-04-07 07:48:03.795822,2315.6,2318.3
2025-04-07 07:48:04.011567,2316.6,2318.4
2025-04-07 07:48:04.944612,2316.6,2319.3
2025-04-07 07:48:05.535019,2316.6,2318.4
2025-04-07 07:48:08.115402,2316.6,2319.3
2025-04-07 07:48:09.154978,2316.6,2318.4
2025-04-07 07:48:09.887922,2317.6,2319.4
2025-04-07 07:48:11.811108,2316.6,2318.4
2025-04-07 07:48:12.626384,2315.6,2318.3
2025-04-07 07:48:14.918839,2314.6,2317.3
2025-04-07 07:48:18.862147,2314.6,2316.4
2025-04-07 07:48:19.439450,2313.6,2316.3
2025-04-07 07:48:21.184248,2314.6,2317.3
2025-04-07 07:48:22.735128,2315.6,2317.4
2025-04-07 07:48:25.578238,2314.6,2317.3
2025-04-07 07:48:29.228557,2315.6,2317.4
2025-04-07 07:48:31.308766,2313.6,2316.3
2025-04-07 07:48:32.824433,2313.6,2315.4
2025-04-07 07:48:33.289358,2312.6,2315.3
2025-04-07 07:48:34.387518,2311.6,2314.3
2025-04-07 07:48:35.143708,2310.6,2313.3
2025-04-07 07:48:37.018176,2311.6,2313.4
2025-04-07 07:48:38.798833,2311.6,2314.3
2025-04-07 07:48:39.739821,2311.6,2313.4
2025-04-07 07:48:44.577641,2311.6,2314.3
2025-04-07 07:48:46.279040,2312.6,2315.3
2025-04-07 07:48:48.181727,2312.6,2314.4
2025-04-07 07:48:48.776438,2311.6,2314.3
2025-04-07 07:48:54.068597,2312.6,2314.4
2025-04-07 07:48:55.256410,2311.6,2313.4
2025-04-07 07:48:55.916585,2311.6,2314.3
2025-04-07 07:48:59.034084,2312.6,2315.3
2025-04-07 07:49:02.966384,2311.6,2314.3
2025-04-07 07:49:06.963106,2310.6,2313.3
2025-04-07 07:49:08.305709,2311.6,2313.4
2025-04-07 07:49:09.428483,2311.6,2314.3
2025-04-07 07:49:10.273343,2313.6,2315.4
2025-04-07 07:49:11.055674,2312.6,2314.4
2025-04-07 07:49:13.969649,2312.6,2315.3
2025-04-07 07:49:15.603363,2312.6,2314.4
2025-04-07 07:49:17.872327,2311.6,2314.3
2025-04-07 07:49:18.482841,2310.6,2313.3
2025-04-07 07:49:20.001947,2311.6,2314.3
2025-04-07 07:49:26.150509,2311.6,2313.4
2025-04-07 07:49:28.018351,2309.6,2312.3
2025-04-07 07:49:29.912852,2310.6,2312.4
2025-04-07 07:49:30.965886,2310.6,2313.3
2025-04-07 07:49:34.405333,2311.6,2314.3
2025-04-07 07:49:35.057481,2313.6,2315.4
2025-04-07 07:49:35.913143,2313.6,2316.3
2025-04-07 07:49:44.231714,2312.6,2315.3
2025-04-07 07:49:44.839768,2311.6,2314.3
2025-04-07 07:49:45.775215,2312.6,2314.4
2025-04-07 07:49:46.714985,2312.6,2315.3
2025-04-07 07:49:50.410074,2313.6,2315.4
2025-04-07 07:49:53.302100,2314.6,2317.3
2025-04-07 07:49:55.191389,2315.6,2318.3
2025-04-07 07:49:56.343282,2316.6,2318.4
2025-04-07 07:49:57.291964,2315.6,2318.3
2025-04-07 07:49:59.221488,2314.6,2317.3
2025-04-07 07:50:01.961800,2313.6,2316.3
2025-04-07 07:50:05.312576,2312.6,2315.3
2025-04-07 07:50:05.868593,2311.6,2314.3
2025-04-07 07:50:07.278832,2312.6,2315.3
2025-04-07 07:50:10.516061,2313.6,2316.3
2025-04-07 07:50:11.374913,2312.6,2314.4
2025-04-07 07:50:14.664536,2311.6,2314.3
2025-04-07 07:50:15.770722,2309.6,2312.3
2025-04-07 07:50:16.790133,2309.6,2311.4
2025-04-07 07:50:17.746294,2309.6,2312.3
2025-04-07 07:50:18.549779,2310.6,2312.4
2025-04-07 07:50:19.696671,2309.6,2312.3
2025-04-07 07:50:19.955352,2309.6,2311.4
2025-04-07 07:50:22.689937,2308.6,2311.3
2025-04-07 07:50:24.088616,2308.6,2310.4
2025-04-07 07:50:24.733472,2309.6,2311.4
2025-04-07 07:50:26.200378,2308.6,2311.3
2025-04-07 07:50:27.511260,2310.6,2312.4
2025-04-07 07:50:28.788170,2310.6,2313.3
2025-04-07 07:50:29.354980,2311.6,2313.4
2025-04-07 07:50:29.814697,2311.6,2314.3
2025-04-07 07:50:30.253358,2311.6,2313.4
2025-04-07 07:50:30.995171,2312.6,2314.4
2025-04-07 07:50:32.697448,2311.6,2314.3
2025-04-07 07:50:33.684111,2312.6,2314.4
2025-04-07 07:50:35.138051,2312.6,2315.3
2025-04-07 07:50:36.255984,2312.6,2314.4
2025-04-07 07:50:36.940621,2312.6,2315.3
2025-04-07 07:50:38.094281,2312.6,2314.4
2025-04-07 07:50:39.533446,2311.6,2314.3
2025-04-07 07:50:39.904327,2311.6,2313.4
2025-04-07 07:50:40.158757,2311.6,2314.3
2025-04-07 07:50:43.491413,2311.6,2313.4
2025-04-07 07:50:44.261891,2312.6,2314.4
2025-04-07 07:50:46.337870,2311.6,2314.3
2025-04-07 07:50:47.046806,2312.6,2314.4
2025-04-07 07:50:48.791302,2311.6,2314.3
2025-04-07 07:50:50.000806,2312.6,2314.4
2025-04-07 07:50:51.190674,2310.6,2312.4
2025-04-07 07:50:54.757531,2309.6,2312.3
2025-04-07 07:50:55.958457,2308.6,2311.3
2025-04-07 07:50:56.870266,2308.6,2310.4
2025-04-07 07:50:59.746824,2308.6,2311.3
2025-04-07 07:51:01.503364,2309.6,2312.3
2025-04-07 07:51:02.124972,2310.6,2312.4
2025-04-07 07:51:08.793693,2310.6,2313.3
2025-04-07 07:51:10.162750,2311.6,2314.3
2025-04-07 07:51:13.712982,2312.6,2314.4
2025-04-07 07:51:15.804326,2311.6,2314.3
2025-04-07 07:51:16.492468,2311.6,2313.4
2025-04-07 07:51:17.177065,2312.6,2314.4
2025-04-07 07:51:18.093256,2311.6,2314.3
2025-04-07 07:51:20.808966,2310.6,2312.4
2025-04-07 07:51:23.382107,2310.6,2313.3
2025-04-07 07:51:24.288693,2311.6,2313.4
2025-04-07 07:51:24.694420,2309.6,2312.3
2025-04-07 07:51:25.718958,2309.6,2311.4
2025-04-07 07:51:27.013068,2309.6,2312.3
2025-04-07 07:51:29.689555,2310.6,2312.4
2025-04-07 07:51:31.212233,2309.6,2312.3
2025-04-07 07:51:32.165264,2309.6,2311.4
2025-04-07 07:51:33.297994,2308.6,2311.3
2025-04-07 07:51:34.321673,2308.6,2310.4
2025-04-07 07:51:36.864933,2307.6,2310.3
2025-04-07 07:51:37.293256,2307.6,2309.4
2025-04-07 07:51:40.336057,2306.6,2308.4
2025-04-07 07:51:42.828099,2307.6,2309.4
2025-04-07 07:51:47.361311,2305.6,2308.3
2025-04-07 07:51:48.170269,2306.6,2308.4
2025-04-07 07:51:49.842591,2307.6,2309.4
2025-04-07 07:51:51.556203,2308.6,2310.4
2025-04-07 07:51:52.123388,2306.6,2309.3
2025-04-07 07:51:52.885976,2305.6,2308.3
2025-04-07 07:51:55.557085,2306.6,2308.4
2025-04-07 07:51:58.495728,2306.6,2309.3
2025-04-07 07:52:00.411491,2305.6,2308.3
2025-04-07 07:52:03.306595,2305.6,2307.4
2025-04-07 07:52:04.914002,2305.6,2308.3
2025-04-07 07:52:05.747094,2305.6,2307.4
2025-04-07 07:52:09.454201,2304.6,2307.3
2025-04-07 07:52:10.444572,2305.6,2307.4
2025-04-07 07:52:15.260837,2306.6,2308.4
2025-04-07 07:52:16.295825,2305.6,2308.3
2025-04-07 07:52:19.166851,2304.6,2307.3
2025-04-07 07:52:21.006903,2304.6,2306.4
2025-04-07 07:52:22.420749,2304.6,2307.3
2025-04-07 07:52:22.743953,2305.6,2307.4
2025-04-07 07:52:23.833116,2304.6,2307.3
2025-04-07 07:52:28.092157,2305.6,2307.4
2025-04-07 07:52:29.602547,2304.6,2307.3
2025-04-07 07:52:30.437095,2305.6,2307.4
2025-04-07 07:52:31.971529,2303.6,2306.3
2025-04-07 07:52:34.573730,2304.6,2306.4
2025-04-07 07:52:36.780069,2303.6,2306.3
